symbol,isin,trade_date,exchange,segment,series,trade_type,quantity,price,trade_id,order_id,order_execution_time
BANKNIFTY20D2430100PE,,2020-12-21,NSE,FO,,buy,25.000000,220.950000,670442001,1400000046230799,2020-12-21T12:58:56
BANKNIFTY20D2430100PE,,2020-12-21,NSE,FO,,sell,25.000000,738.500000,675195174,1400000098975160,2020-12-21T15:06:53
NIFTY20D2413200CE,,2020-12-22,NSE,FO,,buy,75.000000,157.050000,4114609,1000000053431633,2020-12-22T12:09:38
NIFTY20D2413200CE,,2020-12-22,NSE,FO,,sell,75.000000,167.300000,4922290,1000000067363429,2020-12-22T13:06:35
BANKNIFTY20D2430400CE,,2020-12-24,NSE,FO,,buy,25.000000,115.300000,677847315,1400000136238672,2020-12-24T13:34:27
BANKNIFTY20D2430400CE,,2020-12-24,NSE,FO,,sell,25.000000,100.250000,677924290,1400000137304387,2020-12-24T13:35:26
BANKNIFTY20D2430500CE,,2020-12-24,NSE,FO,,buy,50.000000,75.000000,682023745,1400000175930537,2020-12-24T14:38:54
BANKNIFTY20D2430500CE,,2020-12-24,NSE,FO,,sell,25.000000,63.500000,682765336,1400000182025050,2020-12-24T14:49:18
BANKNIFTY20D2430500CE,,2020-12-24,NSE,FO,,sell,25.000000,63.550000,682765335,1400000182025050,2020-12-24T14:49:18
BANKNIFTY20D2430500CE,,2020-12-24,NSE,FO,,buy,25.000000,24.500000,683406971,1400000186848247,2020-12-24T14:57:09
BANKNIFTY20D2430500CE,,2020-12-24,NSE,FO,,buy,50.000000,24.500000,683406975,1400000186848247,2020-12-24T14:57:09
BANKNIFTY20D2430500CE,,2020-12-24,NSE,FO,,sell,25.000000,32.550000,683703982,1400000187062191,2020-12-24T15:00:13
BANKNIFTY20D2430500CE,,2020-12-24,NSE,FO,,sell,50.000000,9.500000,684057394,1400000190725235,2020-12-24T15:03:40
BANKNIFTY2110730800PE,,2021-01-04,NSE,FO,,buy,25.000000,192.450000,673249469,1400000083192166,2021-01-04T14:21:42
BANKNIFTY2110730800PE,,2021-01-04,NSE,FO,,sell,25.000000,161.600000,673409433,1400000085614652,2021-01-04T14:32:05
BANKNIFTY2110731600CE,,2021-01-05,NSE,FO,,buy,25.000000,255.150000,673028367,1400000080423060,2021-01-05T14:10:24
BANKNIFTY2110731600CE,,2021-01-06,NSE,FO,,sell,25.000000,396.750000,668317565,1400000015852773,2021-01-06T09:56:13
NIFTY2110714150PE,,2021-01-06,NSE,FO,,buy,150.000000,66.450000,3686366,1000000047818068,2021-01-06T13:43:36
NIFTY2110714150PE,,2021-01-06,NSE,FO,,sell,75.000000,79.700000,3947512,1000000050935707,2021-01-06T13:50:09
NIFTY2110714150PE,,2021-01-06,NSE,FO,,sell,75.000000,85.850000,4193192,1000000052635570,2021-01-06T13:53:53
NIFTY2111414550PE,,2021-01-13,NSE,FO,,buy,150.000000,63.100000,2719238,1000000036025964,2021-01-13T11:59:24
NIFTY2111414550PE,,2021-01-13,NSE,FO,,sell,75.000000,72.800000,2881506,1000000038192352,2021-01-13T12:04:11
NIFTY2111414550PE,,2021-01-13,NSE,FO,,sell,75.000000,55.250000,3073927,1000000041409090,2021-01-13T12:15:19
NIFTY2111414550PE,,2021-01-13,NSE,FO,,buy,150.000000,56.100000,3257640,1000000044531378,2021-01-13T12:29:06
NIFTY2111414550PE,,2021-01-13,NSE,FO,,sell,150.000000,52.250000,3384537,1000000047342440,2021-01-13T12:45:18
BANKNIFTY2111432500CE,,2021-01-13,NSE,FO,,buy,50.000000,220.050000,673000285,1400000070393011,2021-01-13T12:46:25
BANKNIFTY2111432500CE,,2021-01-13,NSE,FO,,sell,25.000000,155.450000,674090606,1400000085275270,2021-01-13T13:35:11
BANKNIFTY2111432500CE,,2021-01-13,NSE,FO,,sell,25.000000,155.400000,674090607,1400000085275270,2021-01-13T13:35:11
NIFTY2111414450PE,,2021-01-13,NSE,FO,,buy,150.000000,41.100000,4115555,1000000059404660,2021-01-13T13:36:22
NIFTY2111414450PE,,2021-01-13,NSE,FO,,buy,75.000000,37.650000,4186367,1000000059913472,2021-01-13T13:37:39
NIFTY2111414450PE,,2021-01-13,NSE,FO,,sell,75.000000,25.500000,5759541,1000000081176616,2021-01-13T14:25:35
NIFTY2111414450PE,,2021-01-13,NSE,FO,,sell,75.000000,25.500000,5759540,1000000081176616,2021-01-13T14:25:35
NIFTY2111414450PE,,2021-01-13,NSE,FO,,sell,75.000000,25.450000,5759542,1000000081176616,2021-01-13T14:25:35
NIFTY2112114350PE,,2021-01-15,NSE,FO,,buy,75.000000,80.000000,587421,1000000007233779,2021-01-15T09:40:48
NIFTY2112114350PE,,2021-01-15,NSE,FO,,sell,75.000000,88.450000,2434398,1000000039322649,2021-01-15T12:16:31
NIFTY2112114250PE,,2021-01-15,NSE,FO,,buy,75.000000,78.550000,3416666,1000000055171529,2021-01-15T14:00:19
NIFTY2112114250PE,,2021-01-15,NSE,FO,,sell,75.000000,87.350000,3853517,1000000060390419,2021-01-15T14:14:35
BANKNIFTY2112132600CE,,2021-01-15,NSE,FO,,buy,25.000000,232.300000,671509325,1400000072783754,2021-01-15T14:18:15
BANKNIFTY2112132600CE,,2021-01-15,NSE,FO,,sell,25.000000,255.850000,672116181,1400000080366629,2021-01-15T15:02:54
NIFTY2112114450CE,,2021-01-18,NSE,FO,,buy,75.000000,98.100000,919656,1000000010603660,2021-01-18T09:45:56
NIFTY2112114450CE,,2021-01-18,NSE,FO,,sell,75.000000,57.950000,3331222,1000000052044570,2021-01-18T13:30:24
NIFTY2112114450CE,,2021-01-18,NSE,FO,,buy,150.000000,83.100000,3618516,1000000055772802,2021-01-18T13:42:19
NIFTY2112114450CE,,2021-01-18,NSE,FO,,sell,75.000000,74.750000,4336577,1000000067114000,2021-01-18T14:31:58
NIFTY2112114450CE,,2021-01-18,NSE,FO,,sell,75.000000,74.650000,4336578,1000000067114000,2021-01-18T14:31:58
BANKNIFTY21JAN31700PE,,2021-01-22,NSE,FO,,buy,25.000000,581.750000,671555327,1400000081035622,2021-01-22T12:55:47
NIFTY21JAN14400PE,,2021-01-22,NSE,FO,,buy,75.000000,132.600000,3581222,1000000060680056,2021-01-22T12:59:53
NIFTY21JAN14400PE,,2021-01-22,NSE,FO,,sell,75.000000,149.400000,3908798,1000000065735629,2021-01-22T13:16:00
BANKNIFTY21JAN31700PE,,2021-01-22,NSE,FO,,sell,25.000000,686.650000,672422751,1400000090839405,2021-01-22T13:16:35
NIFTY21JAN14400PE,,2021-01-22,NSE,FO,,buy,75.000000,165.100000,4527738,1000000077140918,2021-01-22T13:53:09
NIFTY21JAN14400PE,,2021-01-22,NSE,FO,,sell,75.000000,156.000000,4605696,1000000078634134,2021-01-22T13:57:45
NIFTY21JAN14400PE,,2021-01-22,NSE,FO,,buy,150.000000,169.500000,4634842,1000000079211989,2021-01-22T13:59:43
NIFTY21JAN14400PE,,2021-01-22,NSE,FO,,sell,75.000000,157.850000,4667931,1000000079924258,2021-01-22T14:02:13
NIFTY21JAN14400PE,,2021-01-22,NSE,FO,,sell,75.000000,157.800000,4667932,1000000079924258,2021-01-22T14:02:13
NIFTY21JAN13800CE,,2021-01-28,NSE,FO,,buy,150.000000,67.100000,704910,1000000005575022,2021-01-28T09:26:05
NIFTY21JAN13800CE,,2021-01-28,NSE,FO,,sell,75.000000,80.900000,842533,1000000006558512,2021-01-28T09:29:25
NIFTY21JAN13800CE,,2021-01-28,NSE,FO,,sell,75.000000,88.800000,1021922,1000000008474963,2021-01-28T09:34:08
BANKNIFTY21JAN29900CE,,2021-01-28,NSE,FO,,sell,25.000000,213.000000,683675131,1400000203424932,2021-01-28T14:06:19
BANKNIFTY21JAN29900PE,,2021-01-28,NSE,FO,,sell,25.000000,55.000000,683675710,1400000203428364,2021-01-28T14:06:19
BANKNIFTY21JAN29900CE,,2021-01-28,NSE,FO,,buy,25.000000,158.650000,687312595,1400000242753357,2021-01-28T14:58:18
BANKNIFTY21JAN29900PE,,2021-01-28,NSE,FO,,buy,25.000000,32.000000,687312702,1400000242754964,2021-01-28T14:58:18
BANKNIFTY2120430500PE,,2021-02-01,NSE,FO,,buy,25.000000,345.200000,668896591,1400000045804725,2021-02-01T11:08:39
BANKNIFTY2120430500PE,,2021-02-01,NSE,FO,,buy,25.000000,250.700000,669417660,1400000055340817,2021-02-01T11:30:08
BANKNIFTY2120430500PE,,2021-02-01,NSE,FO,,sell,25.000000,180.350000,671540882,1400000095602798,2021-02-01T12:51:17
BANKNIFTY2120430500PE,,2021-02-01,NSE,FO,,sell,25.000000,180.950000,671540881,1400000095602798,2021-02-01T12:51:17
BANKNIFTY2120434000CE,,2021-02-02,NSE,FO,,buy,25.000000,451.850000,670759292,1400000050324119,2021-02-02T10:39:34
BANKNIFTY2120434000CE,,2021-02-02,NSE,FO,,sell,25.000000,470.000000,671004050,1400000055086941,2021-02-02T10:47:08
NIFTY2120414800PE,,2021-02-03,NSE,FO,,buy,75.000000,85.650000,7095419,1000000092312934,2021-02-03T15:10:47
NIFTY2120414700PE,,2021-02-03,NSE,FO,,sell,75.000000,38.350000,7232249,1000000093821995,2021-02-03T15:15:06
NIFTY2120414800PE,,2021-02-04,NSE,FO,,sell,75.000000,81.150000,2138000,1000000021762167,2021-02-04T10:20:49
NIFTY2120414800CE,,2021-02-04,NSE,FO,,sell,75.000000,29.850000,3129266,1000000033438642,2021-02-04T11:10:33
NIFTY2120414700PE,,2021-02-04,NSE,FO,,buy,75.000000,12.200000,3915433,1000000039512456,2021-02-04T11:39:13
NIFTY2121114850CE,,2021-02-04,NSE,FO,,buy,75.000000,146.050000,4402210,1000000046741094,2021-02-04T12:01:36
NIFTY2120414850CE,,2021-02-04,NSE,FO,,sell,75.000000,21.250000,4541969,1000000047942764,2021-02-04T12:08:37
NIFTY2121114850CE,,2021-02-04,NSE,FO,,sell,75.000000,159.750000,6100224,1000000066112065,2021-02-04T13:22:42
NIFTY2120414800PE,,2021-02-04,NSE,FO,,sell,75.000000,23.950000,6293616,1000000068474485,2021-02-04T13:33:42
NIFTY2120414800CE,,2021-02-04,NSE,FO,,buy,75.000000,79.200000,7043646,1000000078134121,2021-02-04T14:05:51
NIFTY2120414850CE,,2021-02-04,NSE,FO,,buy,75.000000,40.300000,7043714,1000000078134919,2021-02-04T14:05:51
NIFTY2120414850CE,,2021-02-04,NSE,FO,,buy,150.000000,38.500000,7092101,1000000078440902,2021-02-04T14:06:55
NIFTY2120414800PE,,2021-02-04,NSE,FO,,buy,75.000000,6.100000,7339394,1000000079728758,2021-02-04T14:12:04
NIFTY2120414850CE,,2021-02-04,NSE,FO,,sell,75.000000,59.750000,7399785,1000000080308850,2021-02-04T14:13:01
NIFTY2120414850CE,,2021-02-04,NSE,FO,,sell,75.000000,52.700000,7587279,1000000082291101,2021-02-04T14:15:56
NIFTY2120414850PE,,2021-02-04,NSE,FO,,sell,150.000000,14.450000,7782779,1000000083404587,2021-02-04T14:21:38
NIFTY2120414850PE,,2021-02-04,NSE,FO,,buy,150.000000,1.050000,9275401,1000000084567444,2021-02-04T15:03:36
NIFTY2120414850CE,,2021-02-04,NSE,FO,,buy,150.000000,58.450000,9373954,1000000098984589,2021-02-04T15:05:42
NIFTY2120414850CE,,2021-02-04,NSE,FO,,sell,150.000000,49.200000,9579642,1000000100764406,2021-02-04T15:11:16
RELIANCE21FEB2000CE,,2021-02-08,NSE,FO,,sell,250.000000,52.450000,833812726,1500000035324161,2021-02-08T12:47:16
RELIANCE21FEB2000CE,,2021-02-08,NSE,FO,,buy,250.000000,56.100000,833859689,1500000039633382,2021-02-08T13:15:42
BANKNIFTY2121135800PE,,2021-02-09,NSE,FO,,buy,50.000000,490.500000,667534864,1400000011457436,2021-02-09T09:34:13
BANKNIFTY2121135800PE,,2021-02-09,NSE,FO,,sell,25.000000,450.100000,667658495,1400000013275241,2021-02-09T09:36:54
BANKNIFTY2121135800PE,,2021-02-09,NSE,FO,,sell,25.000000,450.050000,667658496,1400000013275241,2021-02-09T09:36:54
BANKNIFTY2121135800PE,,2021-02-09,NSE,FO,,buy,25.000000,496.400000,667742505,1400000014446979,2021-02-09T09:39:09
BANKNIFTY2121135800PE,,2021-02-09,NSE,FO,,buy,25.000000,496.400000,667742571,1400000014446979,2021-02-09T09:39:09
BANKNIFTY2121135800PE,,2021-02-09,NSE,FO,,sell,50.000000,514.700000,668096050,1400000018420627,2021-02-09T09:46:27
BANKNIFTY2121135800PE,,2021-02-09,NSE,FO,,buy,25.000000,531.150000,668172952,1400000019858479,2021-02-09T09:48:13
BANKNIFTY2121135800PE,,2021-02-09,NSE,FO,,buy,25.000000,531.150000,668173072,1400000019858479,2021-02-09T09:48:13
BANKNIFTY2121135800PE,,2021-02-09,NSE,FO,,buy,25.000000,531.150000,668173092,1400000019858479,2021-02-09T09:48:13
BANKNIFTY2121135800PE,,2021-02-09,NSE,FO,,buy,50.000000,450.050000,668925741,1400000029297303,2021-02-09T10:06:32
BANKNIFTY2121135800PE,,2021-02-09,NSE,FO,,sell,25.000000,453.000000,669143788,1400000033922849,2021-02-09T10:18:46
BANKNIFTY2121135800PE,,2021-02-09,NSE,FO,,sell,25.000000,453.000000,669143789,1400000033922849,2021-02-09T10:18:46
BANKNIFTY2121135800PE,,2021-02-09,NSE,FO,,sell,25.000000,452.150000,669143790,1400000033922849,2021-02-09T10:18:46
BANKNIFTY2121135800PE,,2021-02-09,NSE,FO,,sell,25.000000,452.150000,669143791,1400000033922849,2021-02-09T10:18:46
BANKNIFTY2121135800PE,,2021-02-09,NSE,FO,,sell,25.000000,452.050000,669143792,1400000033922849,2021-02-09T10:18:46
NIFTY2121115200PE,,2021-02-09,NSE,FO,,sell,75.000000,93.850000,3716954,1000000053260391,2021-02-09T14:40:45
NIFTY2121115200PE,,2021-02-09,NSE,FO,,buy,75.000000,111.350000,3846758,1000000055122011,2021-02-09T14:45:44
NIFTY2121115200PE,,2021-02-09,NSE,FO,,buy,75.000000,111.350000,3846757,1000000055122011,2021-02-09T14:45:44
NIFTY2121115200PE,,2021-02-09,NSE,FO,,buy,150.000000,118.350000,3898656,1000000055377418,2021-02-09T14:46:39
NIFTY2121115200PE,,2021-02-09,NSE,FO,,sell,75.000000,139.400000,4049112,1000000057195697,2021-02-09T14:49:12
NIFTY2121115200PE,,2021-02-09,NSE,FO,,sell,75.000000,127.500000,4364856,1000000061107536,2021-02-09T14:55:51
NIFTY2121115200PE,,2021-02-09,NSE,FO,,sell,75.000000,127.500000,4364855,1000000061107536,2021-02-09T14:55:51
NIFTY2121115200PE,,2021-02-09,NSE,FO,,buy,150.000000,161.950000,4580570,1000000063708356,2021-02-09T15:02:29
NIFTY2121115200PE,,2021-02-09,NSE,FO,,sell,150.000000,169.200000,5015603,1000000067975300,2021-02-09T15:09:49
BANKNIFTY2121135700PE,,2021-02-10,NSE,FO,,buy,25.000000,335.550000,674653277,1400000115737176,2021-02-10T13:40:13
BANKNIFTY2121135700PE,,2021-02-10,NSE,FO,,buy,25.000000,335.550000,674653275,1400000115737176,2021-02-10T13:40:13
BANKNIFTY2121135700PE,,2021-02-10,NSE,FO,,sell,25.000000,326.050000,675196891,1400000121595122,2021-02-10T13:49:09
BANKNIFTY2121135700PE,,2021-02-10,NSE,FO,,sell,25.000000,326.050000,675196890,1400000121595122,2021-02-10T13:49:09
BANKNIFTY2121135700PE,,2021-02-10,NSE,FO,,buy,75.000000,354.750000,675544910,1400000126033800,2021-02-10T13:57:09
BANKNIFTY2121135700PE,,2021-02-10,NSE,FO,,sell,25.000000,308.900000,675703903,1400000128510576,2021-02-10T14:00:30
BANKNIFTY2121135700PE,,2021-02-10,NSE,FO,,sell,25.000000,308.900000,675703902,1400000128510576,2021-02-10T14:00:30
BANKNIFTY2121135700PE,,2021-02-10,NSE,FO,,sell,25.000000,308.900000,675703901,1400000128510576,2021-02-10T14:00:30
BANKNIFTY2121135700PE,,2021-02-10,NSE,FO,,buy,75.000000,341.900000,675795346,1400000129389901,2021-02-10T14:02:04
BANKNIFTY2121135700PE,,2021-02-10,NSE,FO,,buy,25.000000,341.900000,675795352,1400000129389901,2021-02-10T14:02:04
BANKNIFTY2121135700PE,,2021-02-10,NSE,FO,,sell,25.000000,323.850000,676462611,1400000138703437,2021-02-10T14:20:19
BANKNIFTY2121135700PE,,2021-02-10,NSE,FO,,sell,25.000000,323.800000,676462612,1400000138703437,2021-02-10T14:20:19
BANKNIFTY2121135700PE,,2021-02-10,NSE,FO,,sell,25.000000,323.800000,676462613,1400000138703437,2021-02-10T14:20:19
BANKNIFTY2121135700PE,,2021-02-10,NSE,FO,,sell,25.000000,323.850000,676462610,1400000138703437,2021-02-10T14:20:19
NIFTY2121115050CE,,2021-02-11,NSE,FO,,sell,75.000000,86.350000,617610,1000000005252492,2021-02-11T09:26:07
NIFTY2121115050PE,,2021-02-11,NSE,FO,,sell,75.000000,36.100000,617677,1000000005253496,2021-02-11T09:26:07
NIFTY2121115050CE,,2021-02-11,NSE,FO,,buy,75.000000,92.350000,3609179,1000000042355340,2021-02-11T12:22:43
NIFTY2121115100PE,,2021-02-11,NSE,FO,,sell,75.000000,29.950000,3649817,1000000042827189,2021-02-11T12:26:04
NIFTY2121115050PE,,2021-02-11,NSE,FO,,buy,75.000000,4.800000,5886888,1000000071221329,2021-02-11T14:23:25
NIFTY2121115150PE,,2021-02-11,NSE,FO,,sell,75.000000,15.950000,6012448,1000000072127411,2021-02-11T14:25:14
NIFTY2121115100PE,,2021-02-11,NSE,FO,,buy,75.000000,1.050000,7285911,1000000077553032,2021-02-11T15:03:16
NIFTY2121115150PE,,2021-02-11,NSE,FO,,buy,75.000000,1.400000,7516122,1000000082179723,2021-02-11T15:09:43
NIFTY2121815300CE,,2021-02-15,NSE,FO,,sell,75.000000,92.250000,2496558,1000000040236898,2021-02-15T14:19:32
BANKNIFTY2121837000CE,,2021-02-15,NSE,FO,,buy,25.000000,530.400000,672309524,1400000087996276,2021-02-15T14:43:54
BANKNIFTY2121837000CE,,2021-02-15,NSE,FO,,sell,25.000000,506.400000,672481544,1400000090683454,2021-02-15T14:52:56
BANKNIFTY2121837000CE,,2021-02-15,NSE,FO,,buy,25.000000,537.950000,672518765,1400000091080653,2021-02-15T14:54:40
BANKNIFTY2121837000CE,,2021-02-15,NSE,FO,,buy,25.000000,538.000000,672518766,1400000091080653,2021-02-15T14:54:40
NIFTY2121815300CE,,2021-02-15,NSE,FO,,buy,75.000000,97.100000,2889979,1000000045680087,2021-02-15T15:00:03
BANKNIFTY2121837000CE,,2021-02-15,NSE,FO,,sell,25.000000,525.750000,672653495,1400000093538923,2021-02-15T15:02:58
BANKNIFTY2121837000CE,,2021-02-15,NSE,FO,,sell,25.000000,525.750000,672653494,1400000093538923,2021-02-15T15:02:58
BANKNIFTY2121837000CE,,2021-02-15,NSE,FO,,buy,25.000000,545.250000,672737353,1400000094901264,2021-02-15T15:06:48
BANKNIFTY2121837000CE,,2021-02-15,NSE,FO,,buy,25.000000,545.250000,672737573,1400000094901264,2021-02-15T15:06:49
BANKNIFTY2121837000CE,,2021-02-15,NSE,FO,,sell,50.000000,625.800000,673056767,1400000098249806,2021-02-15T15:15:12
BANKNIFTY2121837200CE,,2021-02-17,NSE,FO,,sell,25.000000,275.800000,670228476,1400000046680550,2021-02-17T10:48:15
BANKNIFTY2121837200CE,,2021-02-17,NSE,FO,,sell,25.000000,354.850000,670926852,1400000055806952,2021-02-17T11:06:41
BANKNIFTY2121837200CE,,2021-02-17,NSE,FO,,buy,25.000000,327.200000,672040486,1400000076592684,2021-02-17T12:03:16
BANKNIFTY2121837200CE,,2021-02-17,NSE,FO,,buy,25.000000,327.150000,672040485,1400000076592684,2021-02-17T12:03:16
BANKNIFTY2121837200CE,,2021-02-17,NSE,FO,,sell,50.000000,289.200000,672238465,1400000080121838,2021-02-17T12:12:20
BANKNIFTY2121837200CE,,2021-02-17,NSE,FO,,buy,50.000000,296.150000,672378039,1400000082650858,2021-02-17T12:19:00
NIFTY2121815250CE,,2021-02-17,NSE,FO,,buy,75.000000,87.950000,2977634,1000000038846286,2021-02-17T12:21:18
NIFTY2121815250CE,,2021-02-17,NSE,FO,,buy,75.000000,87.950000,2977635,1000000038846286,2021-02-17T12:21:18
NIFTY2121815250CE,,2021-02-17,NSE,FO,,sell,75.000000,104.850000,3148747,1000000041501398,2021-02-17T12:36:28
NIFTY2121815250CE,,2021-02-17,NSE,FO,,sell,75.000000,89.650000,3268852,1000000043214187,2021-02-17T12:44:55
NIFTY2121815250CE,,2021-02-17,NSE,FO,,sell,75.000000,87.000000,3305438,1000000043491025,2021-02-17T12:47:21
NIFTY2121815400CE,,2021-02-17,NSE,FO,,buy,75.000000,13.050000,4540954,1000000059193802,2021-02-17T13:41:12
NIFTY2121815200CE,,2021-02-17,NSE,FO,,sell,75.000000,78.850000,4839608,1000000064096184,2021-02-17T13:53:55
NIFTY2121815200CE,,2021-02-17,NSE,FO,,buy,75.000000,79.300000,5921424,1000000081315803,2021-02-17T15:00:35
BANKNIFTY2121837000CE,,2021-02-17,NSE,FO,,sell,25.000000,241.550000,678015294,1400000165812197,2021-02-17T15:05:00
BANKNIFTY2121837000CE,,2021-02-17,NSE,FO,,buy,25.000000,215.000000,678117697,1400000166822505,2021-02-17T15:08:30
NIFTY2121815400CE,,2021-02-18,NSE,FO,,sell,75.000000,2.000000,574195,1000000004579012,2021-02-18T09:26:20
NIFTY2121815250PE,,2021-02-18,NSE,FO,,sell,75.000000,56.500000,886362,1000000008011351,2021-02-18T09:35:56
NIFTY2121815200PE,,2021-02-18,NSE,FO,,sell,75.000000,35.950000,2390414,1000000029731021,2021-02-18T11:20:30
NIFTY2121815250CE,,2021-02-18,NSE,FO,,buy,75.000000,9.100000,2977684,1000000035359648,2021-02-18T11:38:54
NIFTY21FEB15200PE,,2021-02-18,NSE,FO,,buy,75.000000,170.050000,3124296,1000000036797117,2021-02-18T11:42:37
NIFTY21FEB15200PE,,2021-02-18,NSE,FO,,sell,75.000000,168.300000,3636291,1000000041605165,2021-02-18T11:59:21
NIFTY2121815200PE,,2021-02-18,NSE,FO,,buy,75.000000,67.150000,3796251,1000000043584250,2021-02-18T12:09:31
NIFTY2121815250PE,,2021-02-18,NSE,FO,,buy,75.000000,106.350000,3796440,1000000043585342,2021-02-18T12:09:31
NIFTY2121815250PE,,2021-02-18,NSE,FO,,buy,75.000000,108.500000,3811745,1000000043723499,2021-02-18T12:10:04
NIFTY2121815250PE,,2021-02-18,NSE,FO,,buy,75.000000,108.500000,3811669,1000000043723499,2021-02-18T12:10:04
NIFTY2121815150CE,,2021-02-18,NSE,FO,,sell,75.000000,22.850000,4002884,1000000045208139,2021-02-18T12:16:51
NIFTY2121815250PE,,2021-02-18,NSE,FO,,sell,75.000000,142.350000,4438420,1000000049802824,2021-02-18T12:31:01
NIFTY2121815250PE,,2021-02-18,NSE,FO,,sell,75.000000,142.300000,4438421,1000000049802824,2021-02-18T12:31:01
NIFTY2121815150CE,,2021-02-18,NSE,FO,,sell,75.000000,18.150000,4594569,1000000051477362,2021-02-18T12:40:27
NIFTY2121815250PE,,2021-02-18,NSE,FO,,buy,75.000000,160.400000,4706932,1000000052887737,2021-02-18T12:44:51
NIFTY2121815250PE,,2021-02-18,NSE,FO,,sell,75.000000,152.950000,4745762,1000000053294310,2021-02-18T12:46:03
NIFTY2121815150CE,,2021-02-18,NSE,FO,,buy,150.000000,1.050000,8231419,1000000088860717,2021-02-18T14:58:12
BANKNIFTY21FEB35500PE,,2021-02-19,NSE,FO,,buy,50.000000,421.050000,672447460,1400000125458418,2021-02-19T14:18:35
BANKNIFTY21FEB35500PE,,2021-02-19,NSE,FO,,buy,50.000000,381.850000,672839145,1400000132736118,2021-02-19T14:31:44
BANKNIFTY21FEB35500PE,,2021-02-19,NSE,FO,,buy,25.000000,349.500000,673051083,1400000136916063,2021-02-19T14:39:16
BANKNIFTY21FEB35500PE,,2021-02-19,NSE,FO,,buy,25.000000,349.600000,673051084,1400000136916063,2021-02-19T14:39:16
BANKNIFTY21FEB35500PE,,2021-02-19,NSE,FO,,sell,75.000000,408.000000,673271249,1400000140661709,2021-02-19T14:46:26
BANKNIFTY21FEB35500PE,,2021-02-19,NSE,FO,,sell,50.000000,398.200000,673348715,1400000141440869,2021-02-19T14:48:14
BANKNIFTY21FEB35500PE,,2021-02-19,NSE,FO,,sell,25.000000,398.150000,673348716,1400000141440869,2021-02-19T14:48:14
NIFTY21FEB15000PE,,2021-02-22,NSE,FO,,buy,75.000000,224.650000,2379942,1000000036492483,2021-02-22T11:26:57
NIFTY21FEB15000PE,,2021-02-22,NSE,FO,,sell,75.000000,253.750000,3031235,1000000046457419,2021-02-22T12:15:03
NIFTY21FEB15000PE,,2021-02-22,NSE,FO,,buy,150.000000,301.050000,5667212,1000000089033494,2021-02-22T15:01:13
NIFTY21FEB15000PE,,2021-02-22,NSE,FO,,sell,75.000000,332.850000,5874306,1000000090561678,2021-02-22T15:11:41
NIFTY21FEB15000PE,,2021-02-22,NSE,FO,,sell,75.000000,332.850000,5874276,1000000090561678,2021-02-22T15:11:41
NIFTY21FEB14750PE,,2021-02-23,NSE,FO,,sell,75.000000,105.950000,4047674,1000000063127704,2021-02-23T12:03:17
NIFTY21FEB14750PE,,2021-02-23,NSE,FO,,buy,75.000000,78.050000,5334899,1000000091862473,2021-02-23T13:31:25
NIFTY21FEB14750PE,,2021-02-23,NSE,FO,,buy,75.000000,115.050000,6882515,1000000127355974,2021-02-23T15:02:22
NIFTY21FEB14750PE,,2021-02-23,NSE,FO,,buy,75.000000,115.050000,6882464,1000000127355974,2021-02-23T15:02:22
NIFTY21FEB14750PE,,2021-02-23,NSE,FO,,sell,75.000000,135.950000,6997016,1000000128269317,2021-02-23T15:04:50
NIFTY21FEB14750PE,,2021-02-23,NSE,FO,,sell,75.000000,106.700000,7178768,1000000131400249,2021-02-23T15:11:24
NIFTY21FEB14750PE,,2021-02-24,NSE,FO,,sell,75.000000,87.850000,400953,1000000003886866,2021-02-24T09:25:28
NIFTY21FEB14750PE,,2021-02-24,NSE,FO,,buy,75.000000,51.400000,2806971,1000000041783733,2021-02-24T15:50:10
NIFTY21FEB14750PE,,2021-02-24,NSE,FO,,buy,75.000000,23.950000,3402567,1000000045462212,2021-02-24T16:16:23
NIFTY21FEB14750PE,,2021-02-24,NSE,FO,,sell,75.000000,22.350000,3649061,1000000046725546,2021-02-24T16:20:04
NIFTY21FEB15100CE,,2021-02-25,NSE,FO,,buy,150.000000,95.800000,1163315,1000000009417792,2021-02-25T09:35:48
NIFTY21FEB15100CE,,2021-02-25,NSE,FO,,sell,150.000000,86.400000,1312818,1000000010987616,2021-02-25T09:39:23
NIFTY21FEB15100CE,,2021-02-25,NSE,FO,,sell,75.000000,85.400000,1411562,1000000011254679,2021-02-25T09:41:11
NIFTY21FEB15100CE,,2021-02-25,NSE,FO,,sell,75.000000,85.400000,1411566,1000000011254679,2021-02-25T09:41:11
NIFTY21FEB15100CE,,2021-02-25,NSE,FO,,buy,75.000000,33.050000,4838663,1000000056813574,2021-02-25T12:12:57
NIFTY21FEB15100PE,,2021-02-25,NSE,FO,,sell,75.000000,41.600000,4851306,1000000057666572,2021-02-25T12:13:38
NIFTY21FEB15150CE,,2021-02-25,NSE,FO,,sell,75.000000,20.900000,7213840,1000000089921735,2021-02-25T13:52:44
NIFTY21FEB15100CE,,2021-02-25,NSE,FO,,buy,75.000000,71.400000,8198871,1000000102022982,2021-02-25T14:27:02
NIFTY21FEB15100CE,,2021-02-25,NSE,FO,,buy,150.000000,79.600000,8349493,1000000103031953,2021-02-25T14:29:35
NIFTY21FEB15100CE,,2021-02-25,NSE,FO,,sell,75.000000,70.200000,8433471,1000000103864516,2021-02-25T14:30:58
NIFTY21FEB15100CE,,2021-02-25,NSE,FO,,sell,75.000000,70.150000,8433472,1000000103864516,2021-02-25T14:30:58
NIFTY21FEB15100CE,,2021-02-25,NSE,FO,,buy,150.000000,76.050000,8477727,1000000104134356,2021-02-25T14:31:53
NIFTY21FEB15100CE,,2021-02-25,NSE,FO,,sell,150.000000,66.600000,8512161,1000000104636509,2021-02-25T14:32:38
NIFTY21FEB15150CE,,2021-02-25,NSE,FO,,sell,75.000000,29.400000,8548571,1000000104856902,2021-02-25T14:33:28
NIFTY21FEB15100PE,,2021-02-25,NSE,FO,,buy,75.000000,3.050000,8626804,1000000103454734,2021-02-25T14:35:30
NIFTY21FEB15150CE,,2021-02-25,NSE,FO,,buy,150.000000,1.050000,9747274,1000000115183972,2021-02-25T15:01:46
BANKNIFTY2130434500PE,,2021-02-26,NSE,FO,,buy,50.000000,591.200000,671636221,1400000121094287,2021-02-26T13:11:56
BANKNIFTY2130434500PE,,2021-02-26,NSE,FO,,sell,50.000000,638.850000,671723485,1400000121589775,2021-02-26T13:19:10
NIFTY2130414500PE,,2021-02-26,NSE,FO,,sell,75.000000,172.850000,5392383,1000000097092627,2021-02-26T13:40:34
NIFTY2130414500PE,,2021-02-26,NSE,FO,,buy,75.000000,128.450000,5792348,1000000103190279,2021-02-26T14:04:39
NIFTY2130414700CE,,2021-03-01,NSE,FO,,sell,75.000000,184.900000,422383,1000000003983500,2021-03-01T09:24:27
NIFTY2130414700CE,,2021-03-01,NSE,FO,,buy,75.000000,202.050000,1011951,1000000013938883,2021-03-01T09:47:59
NIFTY2130414700CE,,2021-03-01,NSE,FO,,sell,75.000000,198.800000,1149700,1000000016307328,2021-03-01T09:56:26
NIFTY2130414700CE,,2021-03-01,NSE,FO,,buy,75.000000,217.400000,1529013,1000000023073768,2021-03-01T10:26:14
NIFTY2130414700CE,,2021-03-01,NSE,FO,,buy,150.000000,218.050000,1579125,1000000023513239,2021-03-01T10:29:32
NIFTY2130414700CE,,2021-03-01,NSE,FO,,sell,75.000000,213.450000,1865148,1000000028593722,2021-03-01T10:54:09
NIFTY2130414700CE,,2021-03-01,NSE,FO,,sell,75.000000,213.350000,1865149,1000000028593722,2021-03-01T10:54:09
NIFTY2130414700CE,,2021-03-01,NSE,FO,,buy,225.000000,194.150000,2166531,1000000034084623,2021-03-01T11:25:16
NIFTY2130414700CE,,2021-03-01,NSE,FO,,sell,150.000000,182.850000,2250946,1000000035305143,2021-03-01T11:30:23
NIFTY2130414700CE,,2021-03-01,NSE,FO,,sell,75.000000,182.800000,2250947,1000000035305143,2021-03-01T11:30:23
NIFTY2130414700CE,,2021-03-01,NSE,FO,,buy,450.000000,190.650000,2319505,1000000035915841,2021-03-01T11:34:15
NIFTY2130414700CE,,2021-03-01,NSE,FO,,sell,75.000000,189.150000,2392227,1000000037315737,2021-03-01T11:39:47
NIFTY2130414700CE,,2021-03-01,NSE,FO,,sell,75.000000,189.150000,2392228,1000000037315737,2021-03-01T11:39:47
NIFTY2130414700CE,,2021-03-01,NSE,FO,,sell,150.000000,189.100000,2392229,1000000037315737,2021-03-01T11:39:47
NIFTY2130414700CE,,2021-03-01,NSE,FO,,sell,75.000000,189.100000,2392230,1000000037315737,2021-03-01T11:39:47
NIFTY2130414700CE,,2021-03-01,NSE,FO,,sell,75.000000,189.050000,2392231,1000000037315737,2021-03-01T11:39:47
NIFTY2130414750PE,,2021-03-01,NSE,FO,,buy,300.000000,175.300000,2427285,1000000037757502,2021-03-01T11:40:53
NIFTY2130414750PE,,2021-03-01,NSE,FO,,sell,150.000000,185.300000,2570803,1000000039925850,2021-03-01T11:47:11
NIFTY2130414750PE,,2021-03-01,NSE,FO,,sell,150.000000,185.250000,2570804,1000000039925850,2021-03-01T11:47:11
NIFTY2130414750PE,,2021-03-01,NSE,FO,,buy,300.000000,191.550000,2596676,1000000040313694,2021-03-01T11:48:14
NIFTY2130414750PE,,2021-03-01,NSE,FO,,sell,75.000000,182.750000,2619979,1000000040728030,2021-03-01T11:49:34
NIFTY2130414750PE,,2021-03-01,NSE,FO,,sell,75.000000,182.550000,2619981,1000000040728030,2021-03-01T11:49:34
NIFTY2130414750PE,,2021-03-01,NSE,FO,,sell,150.000000,182.600000,2619980,1000000040728030,2021-03-01T11:49:34
NIFTY2130414750PE,,2021-03-01,NSE,FO,,buy,225.000000,178.300000,2670360,1000000041405683,2021-03-01T11:52:51
NIFTY2130414750PE,,2021-03-01,NSE,FO,,buy,150.000000,178.300000,2670355,1000000041405683,2021-03-01T11:52:51
NIFTY2130414750PE,,2021-03-01,NSE,FO,,sell,150.000000,189.300000,2759167,1000000043665712,2021-03-01T12:01:05
NIFTY2130414750PE,,2021-03-01,NSE,FO,,sell,75.000000,189.200000,2759169,1000000043665712,2021-03-01T12:01:05
NIFTY2130414750PE,,2021-03-01,NSE,FO,,sell,150.000000,189.200000,2759168,1000000043665712,2021-03-01T12:01:05
NIFTY2130414700CE,,2021-03-01,NSE,FO,,sell,75.000000,186.700000,4045671,1000000065722795,2021-03-01T13:37:07
NIFTY2130414700CE,,2021-03-01,NSE,FO,,buy,150.000000,203.550000,4114860,1000000066733790,2021-03-01T13:41:15
NIFTY2130414700CE,,2021-03-01,NSE,FO,,buy,150.000000,203.550000,4114861,1000000066733790,2021-03-01T13:41:15
NIFTY2130414700CE,,2021-03-01,NSE,FO,,sell,150.000000,195.450000,4189578,1000000068057119,2021-03-01T13:46:35
NIFTY2130414700CE,,2021-03-01,NSE,FO,,sell,75.000000,195.450000,4189579,1000000068057119,2021-03-01T13:46:35
NIFTY2130414700CE,,2021-03-01,NSE,FO,,buy,225.000000,191.450000,4258137,1000000069334354,2021-03-01T13:53:09
NIFTY2130414700CE,,2021-03-01,NSE,FO,,buy,75.000000,191.450000,4258139,1000000069334354,2021-03-01T13:53:09
NIFTY2130414700CE,,2021-03-01,NSE,FO,,sell,75.000000,185.950000,4285302,1000000070052420,2021-03-01T13:55:44
NIFTY2130414700CE,,2021-03-01,NSE,FO,,sell,75.000000,185.950000,4285301,1000000070052420,2021-03-01T13:55:44
NIFTY2130414700CE,,2021-03-01,NSE,FO,,sell,75.000000,185.900000,4285303,1000000070052420,2021-03-01T13:55:44
NIFTY2130414700CE,,2021-03-01,NSE,FO,,sell,75.000000,185.500000,4285304,1000000070052420,2021-03-01T13:55:44
NIFTY2130414700CE,,2021-03-01,NSE,FO,,buy,300.000000,180.050000,4323577,1000000070690120,2021-03-01T13:59:00
NIFTY2130414700CE,,2021-03-01,NSE,FO,,buy,75.000000,180.050000,4323638,1000000070690120,2021-03-01T13:59:00
NIFTY2130414700CE,,2021-03-01,NSE,FO,,sell,75.000000,193.550000,4447313,1000000072969875,2021-03-01T14:08:10
NIFTY2130414700CE,,2021-03-01,NSE,FO,,sell,75.000000,193.550000,4447314,1000000072969875,2021-03-01T14:08:10
NIFTY2130414700CE,,2021-03-01,NSE,FO,,sell,75.000000,193.450000,4447315,1000000072969875,2021-03-01T14:08:10
NIFTY2130414700CE,,2021-03-01,NSE,FO,,sell,150.000000,193.400000,4447316,1000000072969875,2021-03-01T14:08:10
NIFTY2130414700CE,,2021-03-01,NSE,FO,,sell,75.000000,192.500000,4458842,1000000073190961,2021-03-01T14:09:45
NIFTY2130414700CE,,2021-03-01,NSE,FO,,buy,75.000000,194.100000,4526428,1000000074500970,2021-03-01T14:17:20
NIFTY2130414700CE,,2021-03-01,NSE,FO,,buy,300.000000,194.100000,4526431,1000000074500970,2021-03-01T14:17:20
NIFTY2130414700CE,,2021-03-01,NSE,FO,,sell,150.000000,180.200000,4551473,1000000075068677,2021-03-01T14:20:11
NIFTY2130414700CE,,2021-03-01,NSE,FO,,sell,75.000000,180.200000,4551474,1000000075068677,2021-03-01T14:20:11
NIFTY2130414700CE,,2021-03-01,NSE,FO,,sell,75.000000,180.200000,4551475,1000000075068677,2021-03-01T14:20:11
NIFTY2130414750PE,,2021-03-01,NSE,FO,,buy,225.000000,155.000000,4574497,1000000075270392,2021-03-01T14:21:36
NIFTY2130414750PE,,2021-03-01,NSE,FO,,buy,225.000000,155.100000,4574558,1000000075270392,2021-03-01T14:21:36
NIFTY2130414750PE,,2021-03-01,NSE,FO,,sell,75.000000,148.150000,4615694,1000000076308366,2021-03-01T14:24:18
NIFTY2130414750PE,,2021-03-01,NSE,FO,,sell,75.000000,148.200000,4615692,1000000076308366,2021-03-01T14:24:18
NIFTY2130414750PE,,2021-03-01,NSE,FO,,sell,300.000000,148.200000,4615693,1000000076308366,2021-03-01T14:24:18
NIFTY2130414700CE,,2021-03-01,NSE,FO,,buy,450.000000,184.600000,4641886,1000000076495814,2021-03-01T14:26:31
NIFTY2130414700CE,,2021-03-01,NSE,FO,,sell,75.000000,189.850000,4802919,1000000080117200,2021-03-01T14:40:18
NIFTY2130414700CE,,2021-03-01,NSE,FO,,sell,150.000000,189.800000,4802920,1000000080117200,2021-03-01T14:40:18
NIFTY2130414700CE,,2021-03-01,NSE,FO,,sell,75.000000,189.800000,4802921,1000000080117200,2021-03-01T14:40:18
NIFTY2130414700CE,,2021-03-01,NSE,FO,,sell,75.000000,189.800000,4802922,1000000080117200,2021-03-01T14:40:18
NIFTY2130414700CE,,2021-03-01,NSE,FO,,sell,75.000000,189.700000,4802923,1000000080117200,2021-03-01T14:40:18
BANKNIFTY2130435400PE,,2021-03-02,NSE,FO,,sell,25.000000,335.900000,668984283,1400000032459816,2021-03-02T10:11:06
BANKNIFTY2130435400PE,,2021-03-02,NSE,FO,,buy,25.000000,380.350000,669215934,1400000037493819,2021-03-02T10:22:01
BANKNIFTY2130435400PE,,2021-03-02,NSE,FO,,buy,75.000000,380.350000,669215966,1400000037493819,2021-03-02T10:22:01
BANKNIFTY2130435400PE,,2021-03-02,NSE,FO,,buy,75.000000,341.100000,669297920,1400000039988145,2021-03-02T10:26:24
BANKNIFTY2130435400PE,,2021-03-02,NSE,FO,,sell,50.000000,404.000000,669522643,1400000043078184,2021-03-02T10:35:02
BANKNIFTY2130435400PE,,2021-03-02,NSE,FO,,sell,100.000000,404.000000,669522632,1400000043078184,2021-03-02T10:35:02
BANKNIFTY2130435400PE,,2021-03-02,NSE,FO,,sell,25.000000,545.750000,670588092,1400000062843274,2021-03-02T11:08:26
BANKNIFTY2130435400PE,,2021-03-02,NSE,FO,,buy,25.000000,520.200000,672148056,1400000091122694,2021-03-02T11:53:44
NIFTY2130415000PE,,2021-03-03,NSE,FO,,sell,75.000000,65.900000,828389,1000000009118346,2021-03-03T09:40:04
NIFTY2130415000CE,,2021-03-03,NSE,FO,,buy,150.000000,126.050000,2396764,1000000034137953,2021-03-03T11:27:56
NIFTY2130415000CE,,2021-03-03,NSE,FO,,sell,75.000000,150.400000,2985912,1000000042779047,2021-03-03T12:06:29
NIFTY2130415000CE,,2021-03-03,NSE,FO,,sell,75.000000,172.450000,3860936,1000000055401240,2021-03-03T13:03:07
NIFTY2130415000PE,,2021-03-03,NSE,FO,,buy,75.000000,28.050000,4727495,1000000065112038,2021-03-03T13:51:30
NIFTY2130415150PE,,2021-03-03,NSE,FO,,sell,75.000000,50.950000,5504476,1000000081592762,2021-03-03T14:29:24
NIFTY2130415150PE,,2021-03-03,NSE,FO,,buy,75.000000,35.100000,6285782,1000000086470189,2021-03-03T14:53:40
NIFTY2130415000CE,,2021-03-03,NSE,FO,,sell,75.000000,244.400000,6454879,1000000091361080,2021-03-03T15:00:01
NIFTY2130415000CE,,2021-03-03,NSE,FO,,buy,75.000000,260.150000,6596831,1000000094180901,2021-03-03T15:03:34
NIFTY2130415100CE,,2021-03-04,NSE,FO,,sell,75.000000,54.850000,855471,1000000005198246,2021-03-04T09:26:08
NIFTY2130415100CE,,2021-03-04,NSE,FO,,sell,75.000000,88.550000,7762334,1000000091898524,2021-03-04T12:44:59
NIFTY2130415100CE,,2021-03-04,NSE,FO,,buy,150.000000,76.400000,11538949,1000000136077043,2021-03-04T14:30:13
NIFTY2130415150PE,,2021-03-04,NSE,FO,,sell,150.000000,17.850000,11563273,1000000136268716,2021-03-04T14:30:43
NIFTY2130415150PE,,2021-03-04,NSE,FO,,buy,75.000000,27.400000,11796727,1000000138886801,2021-03-04T14:36:20
NIFTY2130415150PE,,2021-03-04,NSE,FO,,buy,75.000000,27.400000,11796728,1000000138886801,2021-03-04T14:36:20
NIFTY2130415150CE,,2021-03-04,NSE,FO,,sell,150.000000,18.500000,11870120,1000000139672109,2021-03-04T14:38:25
NIFTY2130415150CE,,2021-03-04,NSE,FO,,buy,75.000000,0.850000,13399909,1000000141995474,2021-03-04T15:06:02
NIFTY2130415150CE,,2021-03-04,NSE,FO,,buy,75.000000,0.850000,13399906,1000000141995474,2021-03-04T15:06:02
NIFTY2130415150PE,,2021-03-04,NSE,FO,,buy,150.000000,85.550000,13448291,1000000152190283,2021-03-04T15:06:39
NIFTY2130415150PE,,2021-03-04,NSE,FO,,buy,75.000000,85.550000,13448265,1000000152190283,2021-03-04T15:06:39
NIFTY2130415150PE,,2021-03-04,NSE,FO,,sell,75.000000,68.800000,13598602,1000000153272397,2021-03-04T15:09:09
NIFTY2130415150PE,,2021-03-04,NSE,FO,,sell,150.000000,68.800000,13598601,1000000153272397,2021-03-04T15:09:09
BANKNIFTY2131035400CE,,2021-03-05,NSE,FO,,sell,25.000000,709.850000,667916587,1400000022676586,2021-03-05T09:54:05
BANKNIFTY2131035200PE,,2021-03-05,NSE,FO,,buy,50.000000,611.800000,668006854,1400000024338533,2021-03-05T09:58:09
BANKNIFTY2131035200PE,,2021-03-05,NSE,FO,,buy,75.000000,550.200000,668409790,1400000033072221,2021-03-05T10:14:25
BANKNIFTY2131035200PE,,2021-03-05,NSE,FO,,sell,125.000000,652.900000,668971596,1400000049228089,2021-03-05T10:48:55
BANKNIFTY2131035400CE,,2021-03-05,NSE,FO,,buy,25.000000,639.300000,669028954,1400000050795343,2021-03-05T10:51:42
NIFTY2131015000PE,,2021-03-05,NSE,FO,,sell,75.000000,197.450000,3126360,1000000055962597,2021-03-05T13:00:06
NIFTY2131015000PE,,2021-03-05,NSE,FO,,buy,75.000000,212.700000,3445003,1000000070721499,2021-03-05T13:38:52
BANKNIFTY2131035200PE,,2021-03-05,NSE,FO,,buy,50.000000,712.500000,671732042,1400000123142687,2021-03-05T13:57:56
BANKNIFTY2131035200PE,,2021-03-05,NSE,FO,,sell,50.000000,712.000000,672433880,1400000137591258,2021-03-05T14:21:59
NIFTY2131015000PE,,2021-03-08,NSE,FO,,sell,150.000000,139.200000,2258526,1000000033707760,2021-03-08T10:51:42
NIFTY2131015000PE,,2021-03-08,NSE,FO,,buy,150.000000,146.300000,3461352,1000000063256395,2021-03-08T12:44:37
NIFTY2131015000PE,,2021-03-08,NSE,FO,,sell,75.000000,145.850000,3559583,1000000064421034,2021-03-08T12:49:06
NIFTY2131015000PE,,2021-03-08,NSE,FO,,sell,75.000000,145.850000,3559597,1000000064421034,2021-03-08T12:49:06
NIFTY2131015000PE,,2021-03-08,NSE,FO,,buy,75.000000,159.800000,4193055,1000000077020712,2021-03-08T13:39:43
NIFTY2131015000PE,,2021-03-08,NSE,FO,,buy,75.000000,159.800000,4193056,1000000077020712,2021-03-08T13:39:43
NIFTY2131015000PE,,2021-03-08,NSE,FO,,buy,225.000000,155.400000,4394914,1000000079324021,2021-03-08T13:45:09
NIFTY2131015000PE,,2021-03-08,NSE,FO,,buy,225.000000,140.450000,4857927,1000000088015502,2021-03-08T14:15:14
NIFTY2131015000PE,,2021-03-08,NSE,FO,,buy,150.000000,132.500000,4911546,1000000089464349,2021-03-08T14:19:53
NIFTY2131015000PE,,2021-03-08,NSE,FO,,sell,75.000000,111.000000,5030351,1000000091137426,2021-03-08T14:23:33
NIFTY2131015000PE,,2021-03-08,NSE,FO,,sell,75.000000,111.000000,5030352,1000000091137426,2021-03-08T14:23:33
NIFTY2131015000PE,,2021-03-08,NSE,FO,,sell,75.000000,111.000000,5030353,1000000091137426,2021-03-08T14:23:33
NIFTY2131015000PE,,2021-03-08,NSE,FO,,sell,75.000000,111.000000,5030354,1000000091137426,2021-03-08T14:23:33
NIFTY2131015000PE,,2021-03-08,NSE,FO,,sell,75.000000,111.000000,5030355,1000000091137426,2021-03-08T14:23:33
NIFTY2131015000PE,,2021-03-08,NSE,FO,,sell,75.000000,111.000000,5030356,1000000091137426,2021-03-08T14:23:33
NIFTY2131015000PE,,2021-03-08,NSE,FO,,sell,75.000000,111.000000,5030357,1000000091137426,2021-03-08T14:23:33
NIFTY2131015000PE,,2021-03-08,NSE,FO,,sell,75.000000,111.000000,5030358,1000000091137426,2021-03-08T14:23:33
NIFTY2131015000CE,,2021-03-08,NSE,FO,,buy,75.000000,138.750000,5225888,1000000092741824,2021-03-08T14:31:51
NIFTY2131015000CE,,2021-03-08,NSE,FO,,buy,75.000000,138.750000,5225885,1000000092741824,2021-03-08T14:31:51
NIFTY2131015000CE,,2021-03-08,NSE,FO,,buy,600.000000,138.750000,5225891,1000000092741824,2021-03-08T14:31:51
NIFTY2131015000CE,,2021-03-08,NSE,FO,,sell,225.000000,131.800000,5444182,1000000098193427,2021-03-08T14:47:11
NIFTY2131015000CE,,2021-03-08,NSE,FO,,sell,225.000000,132.000000,5444181,1000000098193427,2021-03-08T14:47:11
NIFTY2131015000CE,,2021-03-08,NSE,FO,,sell,225.000000,132.050000,5444179,1000000098193427,2021-03-08T14:47:11
NIFTY2131015000CE,,2021-03-08,NSE,FO,,sell,75.000000,132.050000,5444180,1000000098193427,2021-03-08T14:47:11
NIFTY2131015000PE,,2021-03-08,NSE,FO,,buy,375.000000,180.150000,5928290,1000000105623063,2021-03-08T15:06:35
NIFTY2131015000PE,,2021-03-08,NSE,FO,,buy,225.000000,180.150000,5928291,1000000105623063,2021-03-08T15:06:35
NIFTY2131015000PE,,2021-03-08,NSE,FO,,sell,75.000000,161.400000,5978032,1000000106226188,2021-03-08T15:07:47
NIFTY2131015000PE,,2021-03-08,NSE,FO,,sell,75.000000,161.400000,5978033,1000000106226188,2021-03-08T15:07:47
NIFTY2131015000PE,,2021-03-08,NSE,FO,,sell,150.000000,161.550000,5978028,1000000106226188,2021-03-08T15:07:47
NIFTY2131015000PE,,2021-03-08,NSE,FO,,sell,75.000000,161.500000,5978029,1000000106226188,2021-03-08T15:07:47
NIFTY2131015000PE,,2021-03-08,NSE,FO,,sell,75.000000,161.500000,5978030,1000000106226188,2021-03-08T15:07:47
NIFTY2131015000PE,,2021-03-08,NSE,FO,,sell,150.000000,161.450000,5978031,1000000106226188,2021-03-08T15:07:47
BANKNIFTY2131035600CE,,2021-03-09,NSE,FO,,buy,25.000000,461.150000,503873178,1400000055704059,2021-03-09T12:45:00
BANKNIFTY2131035600CE,,2021-03-09,NSE,FO,,buy,25.000000,461.150000,503873177,1400000055704059,2021-03-09T12:45:00
BANKNIFTY2131035600CE,,2021-03-09,NSE,FO,,buy,25.000000,461.150000,503873168,1400000055704059,2021-03-09T12:45:00
BANKNIFTY2131035600CE,,2021-03-09,NSE,FO,,buy,50.000000,461.150000,503873167,1400000055704059,2021-03-09T12:45:00
BANKNIFTY2131035600CE,,2021-03-09,NSE,FO,,buy,75.000000,391.950000,504093137,1400000060074941,2021-03-09T13:02:03
BANKNIFTY2131035600CE,,2021-03-09,NSE,FO,,buy,25.000000,391.850000,504093135,1400000060074941,2021-03-09T13:02:03
BANKNIFTY2131035600CE,,2021-03-09,NSE,FO,,buy,25.000000,391.900000,504093136,1400000060074941,2021-03-09T13:02:03
BANKNIFTY2131035600CE,,2021-03-09,NSE,FO,,sell,25.000000,311.000000,504347935,1400000063595742,2021-03-09T13:15:24
BANKNIFTY2131035600CE,,2021-03-09,NSE,FO,,sell,50.000000,310.950000,504347936,1400000063595742,2021-03-09T13:15:24
BANKNIFTY2131035600CE,,2021-03-09,NSE,FO,,sell,25.000000,310.900000,504347937,1400000063595742,2021-03-09T13:15:24
BANKNIFTY2131035600CE,,2021-03-09,NSE,FO,,sell,50.000000,310.750000,504347938,1400000063595742,2021-03-09T13:15:24
BANKNIFTY2131035600CE,,2021-03-09,NSE,FO,,sell,50.000000,310.700000,504347939,1400000063595742,2021-03-09T13:15:24
BANKNIFTY2131035600CE,,2021-03-09,NSE,FO,,sell,25.000000,310.600000,504347941,1400000063595742,2021-03-09T13:15:24
BANKNIFTY2131035600CE,,2021-03-09,NSE,FO,,sell,25.000000,310.700000,504347940,1400000063595742,2021-03-09T13:15:24
NIFTY2131015000PE,,2021-03-09,NSE,FO,,buy,750.000000,101.500000,4437159,1000000074462625,2021-03-09T13:19:00
NIFTY2131015000PE,,2021-03-09,NSE,FO,,sell,150.000000,109.050000,4850767,1000000079658905,2021-03-09T13:28:22
NIFTY2131015000PE,,2021-03-09,NSE,FO,,sell,75.000000,109.000000,4850768,1000000079658905,2021-03-09T13:28:22
NIFTY2131015000PE,,2021-03-09,NSE,FO,,sell,225.000000,108.850000,4850772,1000000079658905,2021-03-09T13:28:22
NIFTY2131015000PE,,2021-03-09,NSE,FO,,sell,75.000000,108.850000,4850771,1000000079658905,2021-03-09T13:28:22
NIFTY2131015000PE,,2021-03-09,NSE,FO,,sell,150.000000,108.900000,4850770,1000000079658905,2021-03-09T13:28:22
NIFTY2131015000PE,,2021-03-09,NSE,FO,,sell,75.000000,109.000000,4850769,1000000079658905,2021-03-09T13:28:22
NIFTY2131015000CE,,2021-03-09,NSE,FO,,sell,75.000000,78.850000,5119814,1000000083661636,2021-03-09T13:37:44
NIFTY2131015000PE,,2021-03-09,NSE,FO,,sell,75.000000,90.000000,5119839,1000000083661952,2021-03-09T13:37:44
NIFTY2131015000PE,,2021-03-09,NSE,FO,,buy,75.000000,57.050000,6812085,1000000111287951,2021-03-09T14:58:48
NIFTY2131015000CE,,2021-03-09,NSE,FO,,buy,75.000000,113.100000,6894632,1000000112251439,2021-03-09T15:01:19
NIFTY2131015050CE,,2021-03-10,NSE,FO,,buy,300.000000,90.150000,4427109,1000000060535480,2021-03-10T12:26:25
NIFTY2131015050CE,,2021-03-10,NSE,FO,,buy,450.000000,90.150000,4427116,1000000060535480,2021-03-10T12:26:25
NIFTY2131015050CE,,2021-03-10,NSE,FO,,sell,75.000000,112.700000,5287170,1000000073342855,2021-03-10T13:11:12
NIFTY2131015050CE,,2021-03-10,NSE,FO,,sell,75.000000,112.900000,5287163,1000000073342855,2021-03-10T13:11:12
NIFTY2131015050CE,,2021-03-10,NSE,FO,,sell,75.000000,112.850000,5287164,1000000073342855,2021-03-10T13:11:12
NIFTY2131015050CE,,2021-03-10,NSE,FO,,sell,75.000000,112.800000,5287165,1000000073342855,2021-03-10T13:11:12
NIFTY2131015050CE,,2021-03-10,NSE,FO,,sell,75.000000,112.800000,5287166,1000000073342855,2021-03-10T13:11:12
NIFTY2131015050CE,,2021-03-10,NSE,FO,,sell,75.000000,112.800000,5287167,1000000073342855,2021-03-10T13:11:12
NIFTY2131015050CE,,2021-03-10,NSE,FO,,sell,225.000000,112.750000,5287168,1000000073342855,2021-03-10T13:11:12
NIFTY2131015050CE,,2021-03-10,NSE,FO,,sell,75.000000,112.700000,5287169,1000000073342855,2021-03-10T13:11:12
NIFTY2131015150PE,,2021-03-10,NSE,FO,,sell,75.000000,22.950000,6436097,1000000087597338,2021-03-10T13:57:47
NIFTY2131015150CE,,2021-03-10,NSE,FO,,sell,75.000000,32.950000,6498227,1000000089191607,2021-03-10T14:01:22
NIFTY2131015150PE,,2021-03-10,NSE,FO,,buy,75.000000,1.050000,8823733,1000000104871947,2021-03-10T15:06:21
NIFTY2131015150CE,,2021-03-10,NSE,FO,,buy,75.000000,22.050000,8996125,1000000111491964,2021-03-10T15:11:21
BANKNIFTY2131836200PE,,2021-03-12,NSE,FO,,sell,25.000000,528.800000,750745849,1600000015416681,2021-03-12T10:45:01
BANKNIFTY2131836000CE,,2021-03-12,NSE,FO,,buy,25.000000,590.000000,501682550,1400000039175995,2021-03-12T13:20:00
BANKNIFTY2131836000CE,,2021-03-12,NSE,FO,,buy,25.000000,590.000000,501682551,1400000039175995,2021-03-12T13:20:00
BANKNIFTY2131836000CE,,2021-03-12,NSE,FO,,sell,25.000000,535.850000,501786190,1400000041877447,2021-03-12T13:33:08
BANKNIFTY2131836000CE,,2021-03-12,NSE,FO,,sell,25.000000,536.500000,501786189,1400000041877447,2021-03-12T13:33:08
BANKNIFTY2131836200PE,,2021-03-12,NSE,FO,,buy,25.000000,706.600000,751689403,1600000041030536,2021-03-12T13:33:08
BANKNIFTY2131836000PE,,2021-03-12,NSE,FO,,buy,100.000000,651.400000,751825783,1600000042160164,2021-03-12T13:37:49
BANKNIFTY2131836000PE,,2021-03-12,NSE,FO,,sell,75.000000,949.600000,752635903,1600000056531459,2021-03-12T14:14:16
BANKNIFTY2131836000PE,,2021-03-12,NSE,FO,,sell,25.000000,995.000000,752766515,1600000058212591,2021-03-12T14:17:30
NIFTY2131815000PE,,2021-03-15,NSE,FO,,buy,375.000000,221.250000,1724220,1000000022449791,2021-03-15T09:57:19
NIFTY2131815000PE,,2021-03-15,NSE,FO,,sell,75.000000,218.450000,2103078,1000000030376022,2021-03-15T10:17:39
NIFTY2131815000PE,,2021-03-15,NSE,FO,,sell,75.000000,218.450000,2103077,1000000030376022,2021-03-15T10:17:39
NIFTY2131815000PE,,2021-03-15,NSE,FO,,sell,75.000000,218.500000,2103076,1000000030376022,2021-03-15T10:17:39
NIFTY2131815000PE,,2021-03-15,NSE,FO,,sell,150.000000,218.550000,2103075,1000000030376022,2021-03-15T10:17:39
NIFTY2131815000PE,,2021-03-15,NSE,FO,,buy,375.000000,210.100000,2161166,1000000031553975,2021-03-15T10:20:58
NIFTY2131815000PE,,2021-03-15,NSE,FO,,sell,75.000000,201.800000,2215059,1000000032705883,2021-03-15T10:24:25
NIFTY2131815000PE,,2021-03-15,NSE,FO,,sell,150.000000,201.850000,2215058,1000000032705883,2021-03-15T10:24:25
NIFTY2131815000PE,,2021-03-15,NSE,FO,,sell,75.000000,201.850000,2215057,1000000032705883,2021-03-15T10:24:25
NIFTY2131815000PE,,2021-03-15,NSE,FO,,sell,75.000000,201.900000,2215056,1000000032705883,2021-03-15T10:24:25
NIFTY2131815000PE,,2021-03-15,NSE,FO,,buy,375.000000,212.450000,2277807,1000000033677243,2021-03-15T10:27:20
NIFTY2131815000PE,,2021-03-15,NSE,FO,,buy,75.000000,205.150000,2337317,1000000034876144,2021-03-15T10:32:22
NIFTY2131815000PE,,2021-03-15,NSE,FO,,buy,225.000000,205.150000,2337316,1000000034876144,2021-03-15T10:32:22
NIFTY2131815000PE,,2021-03-15,NSE,FO,,sell,75.000000,218.300000,2520565,1000000039521013,2021-03-15T10:48:48
NIFTY2131815000PE,,2021-03-15,NSE,FO,,sell,75.000000,218.300000,2520564,1000000039521013,2021-03-15T10:48:48
NIFTY2131815000PE,,2021-03-15,NSE,FO,,sell,150.000000,218.350000,2520563,1000000039521013,2021-03-15T10:48:48
NIFTY2131815000PE,,2021-03-15,NSE,FO,,sell,75.000000,218.400000,2520562,1000000039521013,2021-03-15T10:48:48
NIFTY2131815000PE,,2021-03-15,NSE,FO,,sell,75.000000,218.400000,2520561,1000000039521013,2021-03-15T10:48:48
NIFTY2131815000PE,,2021-03-15,NSE,FO,,sell,75.000000,218.450000,2520559,1000000039521013,2021-03-15T10:48:48
NIFTY2131815000PE,,2021-03-15,NSE,FO,,sell,75.000000,218.400000,2520560,1000000039521013,2021-03-15T10:48:48
NIFTY2131815000PE,,2021-03-15,NSE,FO,,sell,75.000000,218.500000,2520558,1000000039521013,2021-03-15T10:48:48
NIFTY2131815000PE,,2021-03-15,NSE,FO,,buy,225.000000,237.300000,2619737,1000000041684726,2021-03-15T10:57:28
NIFTY2131815000PE,,2021-03-15,NSE,FO,,buy,75.000000,237.300000,2619735,1000000041684726,2021-03-15T10:57:28
NIFTY2131815000PE,,2021-03-15,NSE,FO,,buy,75.000000,237.300000,2619732,1000000041684726,2021-03-15T10:57:28
NIFTY2131815000PE,,2021-03-15,NSE,FO,,sell,225.000000,238.450000,2691942,1000000043190587,2021-03-15T11:01:42
NIFTY2131815000PE,,2021-03-15,NSE,FO,,sell,150.000000,238.550000,2691941,1000000043190587,2021-03-15T11:01:42
NIFTY2131815000PE,,2021-03-15,NSE,FO,,sell,75.000000,253.650000,3813408,1000000064283143,2021-03-15T12:21:13
NIFTY2131815000PE,,2021-03-15,NSE,FO,,buy,75.000000,221.050000,5092243,1000000086116298,2021-03-15T13:53:23
NIFTY2131814800PE,,2021-03-15,NSE,FO,,sell,75.000000,134.450000,5291480,1000000092797864,2021-03-15T14:08:12
NIFTY2131814800CE,,2021-03-15,NSE,FO,,sell,75.000000,144.000000,5291519,1000000092798207,2021-03-15T14:08:13
NIFTY2131814800CE,,2021-03-15,NSE,FO,,buy,75.000000,236.900000,6222743,1000000104620467,2021-03-15T15:02:57
NIFTY2131814800PE,,2021-03-15,NSE,FO,,buy,75.000000,67.350000,6473118,1000000107204932,2021-03-15T15:10:39
NIFTY2131815000CE,,2021-03-16,NSE,FO,,sell,75.000000,110.850000,229500,1000000001856762,2021-03-16T09:19:10
NIFTY2131815000PE,,2021-03-16,NSE,FO,,sell,75.000000,129.100000,229647,1000000001858659,2021-03-16T09:19:11
NIFTY2131815000PE,,2021-03-16,NSE,FO,,buy,75.000000,131.750000,4013119,1000000069543130,2021-03-16T13:11:18
NIFTY2131815000CE,,2021-03-16,NSE,FO,,buy,75.000000,82.100000,4461836,1000000075065686,2021-03-16T13:27:11
NIFTY2131814850CE,,2021-03-17,NSE,FO,,sell,75.000000,67.850000,4847436,1000000085382690,2021-03-17T13:54:19
NIFTY2131814900PE,,2021-03-17,NSE,FO,,buy,150.000000,115.450000,4932377,1000000087133325,2021-03-17T13:58:46
NIFTY2131814850CE,,2021-03-17,NSE,FO,,buy,75.000000,58.700000,5830147,1000000101254469,2021-03-17T14:38:31
NIFTY2131814900PE,,2021-03-17,NSE,FO,,sell,75.000000,129.000000,5830182,1000000101255116,2021-03-17T14:38:32
NIFTY2131814900PE,,2021-03-17,NSE,FO,,sell,75.000000,129.050000,5830181,1000000101255116,2021-03-17T14:38:32
NIFTY2131814800CE,,2021-03-18,NSE,FO,,sell,75.000000,75.250000,1033737,1000000014268464,2021-03-18T09:39:07
NIFTY2131814800PE,,2021-03-18,NSE,FO,,sell,75.000000,32.250000,1033749,1000000014269036,2021-03-18T09:39:07
NIFTY21MAR14800PE,,2021-03-18,NSE,FO,,buy,75.000000,225.050000,5902407,1000000085651543,2021-03-18T13:16:42
NIFTY2131814800PE,,2021-03-18,NSE,FO,,buy,150.000000,125.850000,6015490,1000000087007192,2021-03-18T13:17:47
NIFTY2131814800PE,,2021-03-18,NSE,FO,,buy,75.000000,125.850000,6015509,1000000087007192,2021-03-18T13:17:47
NIFTY2131814800CE,,2021-03-18,NSE,FO,,buy,75.000000,3.550000,6721194,1000000088220630,2021-03-18T13:26:20
NIFTY2131814650CE,,2021-03-18,NSE,FO,,sell,75.000000,36.700000,6851610,1000000093253906,2021-03-18T13:27:51
NIFTY2131814800PE,,2021-03-18,NSE,FO,,sell,75.000000,165.350000,6891883,1000000094228052,2021-03-18T13:28:22
NIFTY21MAR14800PE,,2021-03-18,NSE,FO,,sell,75.000000,279.550000,7122042,1000000095902737,2021-03-18T13:31:26
NIFTY2131814800PE,,2021-03-18,NSE,FO,,sell,75.000000,209.900000,7363506,1000000097614961,2021-03-18T13:33:49
NIFTY2131814500PE,,2021-03-18,NSE,FO,,sell,75.000000,15.850000,9088743,1000000115825236,2021-03-18T14:06:43
NIFTY2131814650CE,,2021-03-18,NSE,FO,,buy,75.000000,1.850000,10255210,1000000119236221,2021-03-18T14:23:39
NIFTY2131814500CE,,2021-03-18,NSE,FO,,sell,75.000000,33.850000,10277025,1000000124808287,2021-03-18T14:24:10
NIFTY2131814500CE,,2021-03-18,NSE,FO,,buy,75.000000,21.500000,12262119,1000000143998298,2021-03-18T15:04:23
NIFTY2131814500PE,,2021-03-18,NSE,FO,,buy,75.000000,3.300000,12262225,1000000143999418,2021-03-18T15:04:23
NIFTY21MAR14500PE,,2021-03-19,NSE,FO,,sell,75.000000,165.150000,2342264,1000000039731132,2021-03-19T10:53:20
NIFTY21MAR14600CE,,2021-03-19,NSE,FO,,sell,75.000000,214.850000,2712780,1000000044522941,2021-03-19T11:09:01
NIFTY21MAR14500PE,,2021-03-19,NSE,FO,,buy,75.000000,147.100000,2738561,1000000044963634,2021-03-19T11:10:09
NIFTY21MAR14600CE,,2021-03-19,NSE,FO,,buy,75.000000,155.150000,3352517,1000000057601688,2021-03-19T11:44:21
NIFTY21MAR14600CE,,2021-03-19,NSE,FO,,buy,75.000000,160.400000,3374926,1000000058679377,2021-03-19T11:45:31
NIFTY21MAR14600CE,,2021-03-19,NSE,FO,,sell,75.000000,159.850000,3374981,1000000058680692,2021-03-19T11:45:31
NIFTY21MAR14500PE,,2021-03-19,NSE,FO,,sell,75.000000,96.700000,5993648,1000000115061779,2021-03-19T14:33:10
NIFTY21MAR14500PE,,2021-03-19,NSE,FO,,sell,75.000000,96.700000,5994182,1000000115061779,2021-03-19T14:33:13
NIFTY21MAR14500PE,,2021-03-19,NSE,FO,,buy,75.000000,89.850000,6268713,1000000120405767,2021-03-19T14:43:48
NIFTY21MAR14500PE,,2021-03-19,NSE,FO,,buy,75.000000,89.850000,6268712,1000000120405767,2021-03-19T14:43:48
NIFTY21MAR14800CE,,2021-03-22,NSE,FO,,sell,150.000000,128.500000,1110699,1000000017728494,2021-03-22T09:57:51
NIFTY21MAR14800CE,,2021-03-22,NSE,FO,,buy,75.000000,104.000000,2482336,1000000052847115,2021-03-22T11:54:00
NIFTY21MAR14800CE,,2021-03-22,NSE,FO,,buy,75.000000,103.950000,2482335,1000000052847115,2021-03-22T11:54:00
NIFTY21MAR14700CE,,2021-03-22,NSE,FO,,sell,150.000000,128.000000,2836386,1000000061979602,2021-03-22T12:24:19
NIFTY21MAR14700CE,,2021-03-22,NSE,FO,,buy,150.000000,138.400000,5244936,1000000119985295,2021-03-22T14:59:59
NIFTY21MAR14750PE,,2021-03-23,NSE,FO,,sell,150.000000,99.950000,293933,1000000002511165,2021-03-23T09:21:11
NIFTY21MAR14750PE,,2021-03-23,NSE,FO,,buy,75.000000,111.200000,1897551,1000000030004610,2021-03-23T10:47:42
NIFTY21MAR14750PE,,2021-03-23,NSE,FO,,buy,75.000000,111.200000,1897550,1000000030004610,2021-03-23T10:47:42
NIFTY21MAR14800PE,,2021-03-23,NSE,FO,,sell,150.000000,92.950000,2194445,1000000033605176,2021-03-23T10:56:20
NIFTY21MAR14800PE,,2021-03-23,NSE,FO,,buy,150.000000,148.050000,2999418,1000000048931056,2021-03-23T11:33:55
NIFTY21MAR14800PE,,2021-03-23,NSE,FO,,buy,150.000000,136.350000,3696938,1000000060166751,2021-03-23T12:11:37
NIFTY21MAR14800PE,,2021-03-23,NSE,FO,,buy,150.000000,136.350000,3696939,1000000060166751,2021-03-23T12:11:37
NIFTY21MAR14800CE,,2021-03-23,NSE,FO,,sell,75.000000,89.950000,3839643,1000000065401558,2021-03-23T12:24:47
NIFTY21MAR14800PE,,2021-03-23,NSE,FO,,sell,150.000000,117.500000,4038039,1000000070927611,2021-03-23T12:45:19
NIFTY21MAR14800PE,,2021-03-23,NSE,FO,,sell,150.000000,117.550000,4038038,1000000070927611,2021-03-23T12:45:19
NIFTY21MAR14800PE,,2021-03-23,NSE,FO,,sell,75.000000,116.500000,4151285,1000000072898644,2021-03-23T12:53:13
NIFTY21MAR14800CE,,2021-03-23,NSE,FO,,buy,75.000000,145.100000,5979179,1000000109688654,2021-03-23T14:37:01
NIFTY21MAR14800PE,,2021-03-23,NSE,FO,,buy,75.000000,82.450000,6645084,1000000121745387,2021-03-23T15:09:07
NIFTY21MAR14800CE,,2021-03-24,NSE,FO,,sell,75.000000,62.000000,812530,1000000010507903,2021-03-24T09:37:13
NIFTY21MAR14800PE,,2021-03-24,NSE,FO,,sell,75.000000,127.300000,812549,1000000010508125,2021-03-24T09:37:13
NIFTY21MAR14800PE,,2021-03-24,NSE,FO,,buy,150.000000,185.150000,1853573,1000000026784386,2021-03-24T10:16:14
NIFTY21MAR14800PE,,2021-03-24,NSE,FO,,buy,150.000000,185.150000,1853578,1000000026784386,2021-03-24T10:16:14
NIFTY21MAR14800PE,,2021-03-24,NSE,FO,,sell,75.000000,189.350000,2741091,1000000040767658,2021-03-24T10:47:15
NIFTY21MAR14800PE,,2021-03-24,NSE,FO,,sell,75.000000,189.350000,2741092,1000000040767658,2021-03-24T10:47:15
NIFTY21MAR14800PE,,2021-03-24,NSE,FO,,sell,75.000000,189.200000,2741093,1000000040767658,2021-03-24T10:47:15
NIFTY21MAR14700PE,,2021-03-24,NSE,FO,,sell,75.000000,129.850000,2761214,1000000041245349,2021-03-24T10:49:13
NIFTY21MAR14800PE,,2021-03-24,NSE,FO,,buy,150.000000,212.050000,2839600,1000000042226814,2021-03-24T10:51:58
NIFTY21MAR14800PE,,2021-03-24,NSE,FO,,buy,150.000000,212.050000,2840134,1000000042226814,2021-03-24T10:51:59
NIFTY21MAR14700PE,,2021-03-24,NSE,FO,,buy,75.000000,152.050000,2938392,1000000043791347,2021-03-24T10:54:22
NIFTY21MAR14800PE,,2021-03-24,NSE,FO,,sell,75.000000,211.550000,3124090,1000000046739755,2021-03-24T11:02:12
NIFTY21MAR14800PE,,2021-03-24,NSE,FO,,sell,75.000000,211.500000,3124091,1000000046739755,2021-03-24T11:02:12
NIFTY21MAR14800PE,,2021-03-24,NSE,FO,,sell,75.000000,211.450000,3124092,1000000046739755,2021-03-24T11:02:12
NIFTY21MAR14800PE,,2021-03-24,NSE,FO,,sell,75.000000,211.400000,3124093,1000000046739755,2021-03-24T11:02:12
NIFTY21MAR14700PE,,2021-03-24,NSE,FO,,sell,75.000000,135.850000,3151584,1000000047031227,2021-03-24T11:03:07
NIFTY21MAR14800CE,,2021-03-24,NSE,FO,,buy,75.000000,34.100000,3266094,1000000049423501,2021-03-24T11:10:11
NIFTY21MAR14650CE,,2021-03-24,NSE,FO,,sell,75.000000,82.950000,3293513,1000000049745851,2021-03-24T11:10:45
NIFTY21MAR14800PE,,2021-03-24,NSE,FO,,buy,75.000000,239.000000,3718475,1000000057557631,2021-03-24T11:31:54
NIFTY21MAR14800PE,,2021-03-24,NSE,FO,,buy,150.000000,239.000000,3718529,1000000057557631,2021-03-24T11:31:54
NIFTY21MAR14700PE,,2021-03-24,NSE,FO,,buy,75.000000,173.350000,3821355,1000000058883485,2021-03-24T11:34:30
NIFTY21MAR14800PE,,2021-03-24,NSE,FO,,sell,75.000000,225.000000,3994100,1000000062108074,2021-03-24T11:43:33
NIFTY21MAR14800PE,,2021-03-24,NSE,FO,,sell,75.000000,224.850000,3994101,1000000062108074,2021-03-24T11:43:33
NIFTY21MAR14800PE,,2021-03-24,NSE,FO,,sell,75.000000,224.800000,3994102,1000000062108074,2021-03-24T11:43:33
NIFTY21MAR14600PE,,2021-03-24,NSE,FO,,sell,75.000000,93.850000,4031015,1000000062197999,2021-03-24T11:45:08
NIFTY21MAR14600PE,,2021-03-24,NSE,FO,,buy,75.000000,76.400000,7156713,1000000127643523,2021-03-24T14:47:38
NIFTY21MAR14650CE,,2021-03-24,NSE,FO,,buy,75.000000,35.100000,8064097,1000000138493624,2021-03-24T15:06:39
NIFTY21MAR14400PE,,2021-03-25,NSE,FO,,sell,75.000000,53.750000,3073617,1000000041634983,2021-03-25T10:45:39
NIFTY21MAR14400PE,,2021-03-25,NSE,FO,,sell,75.000000,53.700000,3073618,1000000041634983,2021-03-25T10:45:39
NIFTY21MAR14400CE,,2021-03-25,NSE,FO,,sell,75.000000,46.950000,4124733,1000000058759068,2021-03-25T11:31:52
NIFTY21MAR14400PE,,2021-03-25,NSE,FO,,buy,75.000000,59.650000,13317900,1000000169007814,2021-03-25T15:07:57
NIFTY21MAR14400PE,,2021-03-25,NSE,FO,,buy,75.000000,59.600000,13317899,1000000169007814,2021-03-25T15:07:57
NIFTY21MAR14400CE,,2021-03-25,NSE,FO,,buy,75.000000,1.050000,13357417,1000000169296391,2021-03-25T15:08:34
NIFTY2140114500CE,,2021-03-26,NSE,FO,,sell,150.000000,168.850000,491190,1000000006864394,2021-03-26T09:34:12
NIFTY2140114450PE,,2021-03-26,NSE,FO,,sell,75.000000,142.350000,1792494,1000000035881359,2021-03-26T11:06:42
NIFTY2140114450PE,,2021-03-26,NSE,FO,,buy,75.000000,122.000000,2583233,1000000054601983,2021-03-26T12:18:22
NIFTY2140114450PE,,2021-03-26,NSE,FO,,buy,150.000000,117.150000,4128825,1000000094573344,2021-03-26T14:42:12
NIFTY2140114450PE,,2021-03-26,NSE,FO,,sell,75.000000,104.350000,4409368,1000000100718150,2021-03-26T14:56:58
NIFTY2140114450PE,,2021-03-26,NSE,FO,,sell,75.000000,104.300000,4409369,1000000100718150,2021-03-26T14:56:58
NIFTY2140114500CE,,2021-03-26,NSE,FO,,buy,75.000000,178.350000,4409388,1000000100718471,2021-03-26T14:56:58
NIFTY2140114500CE,,2021-03-26,NSE,FO,,buy,75.000000,178.400000,4409389,1000000100718471,2021-03-26T14:56:58
NIFTY2140114450PE,,2021-03-26,NSE,FO,,buy,225.000000,120.400000,4450587,1000000101539065,2021-03-26T15:00:22
NIFTY2140114450PE,,2021-03-26,NSE,FO,,sell,75.000000,111.700000,4473331,1000000102438977,2021-03-26T15:01:48
NIFTY2140114450PE,,2021-03-26,NSE,FO,,sell,150.000000,111.650000,4473332,1000000102438977,2021-03-26T15:01:48
NIFTY2140114700PE,,2021-03-30,NSE,FO,,sell,75.000000,125.850000,454597,1000000003573935,2021-03-30T09:27:49
NIFTY2140114700CE,,2021-03-30,NSE,FO,,sell,75.000000,102.150000,454631,1000000003574462,2021-03-30T09:27:50
NIFTY2140114700CE,,2021-03-30,NSE,FO,,buy,75.000000,148.050000,3776980,1000000039907347,2021-03-30T13:22:47
NIFTY2140114700PE,,2021-03-30,NSE,FO,,sell,75.000000,80.850000,3795721,1000000039941050,2021-03-30T13:24:03
NIFTY2140114700PE,,2021-03-30,NSE,FO,,buy,150.000000,57.500000,5876137,1000000060683278,2021-03-30T15:13:06
NIFTY2140114800CE,,2021-03-31,NSE,FO,,sell,75.000000,88.450000,1103277,1000000007595813,2021-03-31T09:43:17
NIFTY2140114800PE,,2021-03-31,NSE,FO,,sell,75.000000,98.050000,1103250,1000000007595470,2021-03-31T09:43:17
NIFTY2140114800PE,,2021-03-31,NSE,FO,,buy,75.000000,136.600000,1948719,1000000015724175,2021-03-31T10:25:42
NIFTY2140114800PE,,2021-03-31,NSE,FO,,sell,75.000000,127.350000,2002945,1000000016180492,2021-03-31T10:28:30
NIFTY2140114800PE,,2021-03-31,NSE,FO,,buy,75.000000,141.000000,2236923,1000000018520450,2021-03-31T10:40:53
NIFTY2140114750PE,,2021-03-31,NSE,FO,,sell,75.000000,96.850000,2418232,1000000020588300,2021-03-31T10:51:11
NIFTY2140114800CE,,2021-03-31,NSE,FO,,buy,75.000000,42.050000,4473448,1000000049132307,2021-03-31T13:23:12
NIFTY2140114750CE,,2021-03-31,NSE,FO,,sell,75.000000,60.950000,4477409,1000000049384332,2021-03-31T13:23:20
NIFTY2140114750PE,,2021-03-31,NSE,FO,,buy,75.000000,111.700000,5776236,1000000068763392,2021-03-31T14:40:01
NIFTY2140114750CE,,2021-03-31,NSE,FO,,buy,75.000000,66.700000,6036359,1000000072273421,2021-03-31T14:57:41
NIFTY2140114700PE,,2021-04-01,NSE,FO,,sell,150.000000,33.950000,2572180,1000000019739810,2021-04-01T10:46:21
NIFTY2140114700PE,,2021-04-01,NSE,FO,,buy,75.000000,17.100000,5485949,1000000048817972,2021-04-01T13:04:51
NIFTY2140114750CE,,2021-04-01,NSE,FO,,sell,75.000000,48.400000,5513171,1000000049404945,2021-04-01T13:05:33
NIFTY2140114750CE,,2021-04-01,NSE,FO,,buy,75.000000,79.900000,5940238,1000000052287057,2021-04-01T13:16:29
NIFTY2140114750CE,,2021-04-01,NSE,FO,,buy,75.000000,79.900000,5940282,1000000052287057,2021-04-01T13:16:29
NIFTY2140114750CE,,2021-04-01,NSE,FO,,buy,150.000000,79.900000,5940302,1000000052287057,2021-04-01T13:16:29
NIFTY2140114750CE,,2021-04-01,NSE,FO,,sell,75.000000,79.650000,6021140,1000000052715258,2021-04-01T13:17:30
NIFTY2140114750CE,,2021-04-01,NSE,FO,,sell,75.000000,79.800000,6021138,1000000052715258,2021-04-01T13:17:30
NIFTY2140114750CE,,2021-04-01,NSE,FO,,sell,75.000000,79.750000,6021139,1000000052715258,2021-04-01T13:17:30
NIFTY2140114750PE,,2021-04-01,NSE,FO,,sell,75.000000,16.850000,6250251,1000000053012938,2021-04-01T13:21:44
NIFTY2140114700PE,,2021-04-01,NSE,FO,,buy,75.000000,7.000000,6327489,1000000054523583,2021-04-01T13:22:47
NIFTY2140114800PE,,2021-04-01,NSE,FO,,sell,75.000000,26.900000,6461094,1000000054679865,2021-04-01T13:25:46
NIFTY2140114750PE,,2021-04-01,NSE,FO,,buy,75.000000,6.050000,7881513,1000000065644686,2021-04-01T14:17:21
NIFTY2140114850PE,,2021-04-01,NSE,FO,,sell,75.000000,30.600000,7961666,1000000066275647,2021-04-01T14:20:14
NIFTY2140114850PE,,2021-04-01,NSE,FO,,buy,75.000000,26.150000,8738189,1000000071686034,2021-04-01T14:44:38
NIFTY2140114800PE,,2021-04-01,NSE,FO,,sell,75.000000,10.200000,8751486,1000000071778309,2021-04-01T14:45:02
NIFTY2140114800PE,,2021-04-01,NSE,FO,,buy,150.000000,1.050000,9443586,1000000072618115,2021-04-01T15:04:41
NIFTY2140814800CE,,2021-04-05,NSE,FO,,sell,75.000000,125.750000,576058,1000000006444241,2021-04-05T09:30:34
NIFTY2140814800PE,,2021-04-05,NSE,FO,,sell,75.000000,160.500000,575939,1000000006441778,2021-04-05T09:30:34
NIFTY2140814800PE,,2021-04-05,NSE,FO,,buy,300.000000,285.600000,1527920,1000000019568325,2021-04-05T10:03:15
NIFTY2140814800PE,,2021-04-05,NSE,FO,,sell,150.000000,362.850000,3412636,1000000057309845,2021-04-05T11:17:22
NIFTY2140814800PE,,2021-04-05,NSE,FO,,sell,75.000000,358.100000,3419610,1000000057511272,2021-04-05T11:17:40
NIFTY2140814800PE,,2021-04-05,NSE,FO,,sell,75.000000,284.700000,4368641,1000000082378176,2021-04-05T12:35:31
NIFTY2140814800PE,,2021-04-05,NSE,FO,,buy,75.000000,278.350000,4516065,1000000085838702,2021-04-05T12:45:40
NIFTY2140814600CE,,2021-04-05,NSE,FO,,sell,75.000000,134.300000,4562023,1000000086316447,2021-04-05T12:47:40
NIFTY2140814600CE,,2021-04-05,NSE,FO,,buy,75.000000,182.400000,6089050,1000000125809804,2021-04-05T14:30:20
NIFTY2140814800CE,,2021-04-05,NSE,FO,,buy,75.000000,74.650000,6089127,1000000125811192,2021-04-05T14:30:20
NIFTY2140814800PE,,2021-04-05,NSE,FO,,sell,75.000000,199.900000,6149433,1000000126661349,2021-04-05T14:31:33
NIFTY2140814800PE,,2021-04-05,NSE,FO,,buy,75.000000,205.700000,6286879,1000000130474762,2021-04-05T14:40:35
NIFTY2140814700CE,,2021-04-06,NSE,FO,,sell,75.000000,108.000000,692758,1000000007234208,2021-04-06T09:26:51
NIFTY2140814700PE,,2021-04-06,NSE,FO,,sell,75.000000,139.450000,692911,1000000007235837,2021-04-06T09:26:51
NIFTY2140814700CE,,2021-04-06,NSE,FO,,buy,75.000000,98.050000,7157414,1000000163177829,2021-04-06T15:06:52
NIFTY2140814700PE,,2021-04-06,NSE,FO,,buy,75.000000,110.200000,7177754,1000000163502703,2021-04-06T15:07:33
NIFTY2140814700CE,,2021-04-07,NSE,FO,,sell,75.000000,121.650000,284191,1000000002832908,2021-04-07T09:20:18
NIFTY2140814700PE,,2021-04-07,NSE,FO,,sell,75.000000,86.700000,284243,1000000002834148,2021-04-07T09:20:18
NIFTY2140814700CE,,2021-04-07,NSE,FO,,buy,75.000000,140.350000,2071138,1000000036086883,2021-04-07T10:27:36
NIFTY2140814700CE,,2021-04-07,NSE,FO,,sell,75.000000,132.950000,2145819,1000000036498095,2021-04-07T10:33:13
NIFTY2140814800CE,,2021-04-07,NSE,FO,,sell,75.000000,69.650000,2190723,1000000039009974,2021-04-07T10:35:22
NIFTY2140814700CE,,2021-04-07,NSE,FO,,buy,75.000000,152.450000,2507082,1000000046668130,2021-04-07T10:56:00
NIFTY2140814800CE,,2021-04-07,NSE,FO,,buy,75.000000,85.850000,2507358,1000000046670712,2021-04-07T10:56:00
NIFTY2140814800PE,,2021-04-07,NSE,FO,,sell,75.000000,63.750000,2802143,1000000048294657,2021-04-07T11:01:15
NIFTY2140814850CE,,2021-04-07,NSE,FO,,buy,150.000000,82.050000,3541331,1000000059678785,2021-04-07T11:25:35
NIFTY2140814850CE,,2021-04-07,NSE,FO,,sell,75.000000,78.400000,4198196,1000000076399677,2021-04-07T12:12:10
NIFTY2140814850CE,,2021-04-07,NSE,FO,,sell,75.000000,78.400000,4198195,1000000076399677,2021-04-07T12:12:10
NIFTY2140814800CE,,2021-04-07,NSE,FO,,sell,75.000000,109.500000,4323196,1000000078601891,2021-04-07T12:18:49
NIFTY2140814800PE,,2021-04-07,NSE,FO,,buy,75.000000,55.800000,6509106,1000000127132479,2021-04-07T14:15:54
NIFTY2140814800CE,,2021-04-07,NSE,FO,,sell,75.000000,89.850000,6548715,1000000127771000,2021-04-07T14:18:13
NIFTY2140814800CE,,2021-04-07,NSE,FO,,buy,150.000000,103.400000,6758694,1000000133569216,2021-04-07T14:33:59
NIFTY2140814800CE,,2021-04-07,NSE,FO,,sell,150.000000,85.450000,6975128,1000000137929330,2021-04-07T14:45:09
NIFTY2140814700PE,,2021-04-07,NSE,FO,,buy,75.000000,30.150000,6999173,1000000138289344,2021-04-07T14:45:46
NIFTY2140814800CE,,2021-04-07,NSE,FO,,buy,75.000000,86.700000,7295715,1000000144946252,2021-04-07T15:00:56
NIFTY2140814800CE,,2021-04-07,NSE,FO,,buy,75.000000,86.700000,7295714,1000000144946252,2021-04-07T15:00:56
NIFTY2140814900PE,,2021-04-08,NSE,FO,,sell,150.000000,30.250000,1349553,1000000014733181,2021-04-08T09:45:07
NIFTY2140814900CE,,2021-04-08,NSE,FO,,sell,75.000000,62.650000,2216466,1000000027814800,2021-04-08T10:16:30
NIFTY2140814900CE,,2021-04-08,NSE,FO,,buy,75.000000,70.600000,2897063,1000000039461860,2021-04-08T10:51:26
NIFTY2140814900CE,,2021-04-08,NSE,FO,,sell,75.000000,70.850000,3123628,1000000044068797,2021-04-08T11:07:04
NIFTY2140814900PE,,2021-04-08,NSE,FO,,buy,150.000000,10.100000,6538850,1000000097691634,2021-04-08T13:31:12
NIFTY2140814950PE,,2021-04-08,NSE,FO,,sell,150.000000,21.850000,6570912,1000000102656952,2021-04-08T13:31:48
NIFTY2140814900CE,,2021-04-08,NSE,FO,,buy,75.000000,69.900000,6594484,1000000103033853,2021-04-08T13:32:36
NIFTY2140814950CE,,2021-04-08,NSE,FO,,sell,75.000000,30.950000,6627665,1000000103189888,2021-04-08T13:34:05
NIFTY2140814950CE,,2021-04-08,NSE,FO,,buy,75.000000,5.750000,8644423,1000000133479158,2021-04-08T14:31:59
NIFTY2140814900CE,,2021-04-08,NSE,FO,,sell,75.000000,23.300000,8680276,1000000133884239,2021-04-08T14:32:32
NIFTY2140814950PE,,2021-04-08,NSE,FO,,buy,75.000000,77.500000,8851025,1000000135410972,2021-04-08T14:34:32
NIFTY2140814950PE,,2021-04-08,NSE,FO,,buy,75.000000,77.500000,8851026,1000000135410972,2021-04-08T14:34:32
NIFTY2140814950PE,,2021-04-08,NSE,FO,,buy,75.000000,93.050000,9086353,1000000136578490,2021-04-08T14:37:10
NIFTY2140814950PE,,2021-04-08,NSE,FO,,buy,75.000000,92.950000,9086350,1000000136578490,2021-04-08T14:37:10
NIFTY2140814950PE,,2021-04-08,NSE,FO,,buy,75.000000,93.000000,9086351,1000000136578490,2021-04-08T14:37:10
NIFTY2140814950PE,,2021-04-08,NSE,FO,,buy,75.000000,93.000000,9086352,1000000136578490,2021-04-08T14:37:10
NIFTY2140814950PE,,2021-04-08,NSE,FO,,sell,75.000000,69.300000,9324762,1000000139668519,2021-04-08T14:40:18
NIFTY2140814950PE,,2021-04-08,NSE,FO,,sell,75.000000,69.300000,9324763,1000000139668519,2021-04-08T14:40:18
NIFTY2140814950PE,,2021-04-08,NSE,FO,,sell,75.000000,69.250000,9324764,1000000139668519,2021-04-08T14:40:18
NIFTY2140814950PE,,2021-04-08,NSE,FO,,sell,75.000000,69.150000,9324765,1000000139668519,2021-04-08T14:40:18
NIFTY2140814900PE,,2021-04-08,NSE,FO,,sell,75.000000,21.950000,9611989,1000000143148433,2021-04-08T14:45:27
NIFTY2140814850CE,,2021-04-08,NSE,FO,,buy,300.000000,35.050000,10048043,1000000148655135,2021-04-08T14:54:23
NIFTY2140814850CE,,2021-04-08,NSE,FO,,sell,300.000000,7.200000,10406438,1000000152383559,2021-04-08T15:00:15
NIFTY2140814900CE,,2021-04-08,NSE,FO,,buy,75.000000,1.300000,10420885,1000000152492574,2021-04-08T15:00:22
NIFTY2140814900PE,,2021-04-08,NSE,FO,,buy,75.000000,68.650000,10485567,1000000152986441,2021-04-08T15:00:54
NIFTY2141514500PE,,2021-04-12,NSE,FO,,buy,150.000000,155.100000,1711932,1000000017603573,2021-04-12T09:43:35
NIFTY2141514500PE,,2021-04-12,NSE,FO,,buy,75.000000,155.100000,1711911,1000000017603573,2021-04-12T09:43:35
NIFTY2141514500PE,,2021-04-12,NSE,FO,,buy,75.000000,155.100000,1711910,1000000017603573,2021-04-12T09:43:35
NIFTY2141514500PE,,2021-04-12,NSE,FO,,buy,75.000000,155.100000,1712066,1000000017603573,2021-04-12T09:43:36
NIFTY2141514500PE,,2021-04-12,NSE,FO,,buy,300.000000,140.700000,2124160,1000000028084482,2021-04-12T09:59:16
NIFTY2141514500PE,,2021-04-12,NSE,FO,,sell,75.000000,175.450000,2580450,1000000037519645,2021-04-12T10:16:57
NIFTY2141514500PE,,2021-04-12,NSE,FO,,sell,75.000000,175.450000,2580441,1000000037519645,2021-04-12T10:16:57
NIFTY2141514500PE,,2021-04-12,NSE,FO,,sell,75.000000,175.450000,2583034,1000000037519645,2021-04-12T10:17:02
NIFTY2141514500PE,,2021-04-12,NSE,FO,,sell,75.000000,175.450000,2583019,1000000037519645,2021-04-12T10:17:02
NIFTY2141514500PE,,2021-04-12,NSE,FO,,sell,75.000000,175.450000,2583016,1000000037519645,2021-04-12T10:17:02
NIFTY2141514500PE,,2021-04-12,NSE,FO,,sell,75.000000,175.450000,2583037,1000000037519645,2021-04-12T10:17:02
NIFTY2141514500PE,,2021-04-12,NSE,FO,,sell,225.000000,172.850000,2652064,1000000038446245,2021-04-12T10:18:48
NIFTY2141514500CE,,2021-04-12,NSE,FO,,sell,75.000000,90.650000,3085101,1000000049880021,2021-04-12T10:42:05
NIFTY2141514500PE,,2021-04-12,NSE,FO,,sell,75.000000,186.350000,3085196,1000000049882878,2021-04-12T10:42:05
NIFTY2141514600PE,,2021-04-12,NSE,FO,,buy,150.000000,305.800000,5148443,1000000096417726,2021-04-12T12:26:32
NIFTY2141514600PE,,2021-04-12,NSE,FO,,sell,75.000000,293.450000,5350266,1000000102226165,2021-04-12T12:40:06
NIFTY2141514600PE,,2021-04-12,NSE,FO,,sell,75.000000,294.150000,5350265,1000000102226165,2021-04-12T12:40:06
NIFTY2141514500CE,,2021-04-12,NSE,FO,,buy,75.000000,75.950000,5391162,1000000103314190,2021-04-12T12:43:09
NIFTY2141514600PE,,2021-04-12,NSE,FO,,buy,150.000000,304.550000,5479999,1000000105146165,2021-04-12T12:47:47
NIFTY2141514600PE,,2021-04-12,NSE,FO,,buy,75.000000,304.550000,5479984,1000000105146165,2021-04-12T12:47:47
NIFTY2141514500PE,,2021-04-12,NSE,FO,,buy,75.000000,241.350000,6037176,1000000120939348,2021-04-12T13:29:34
NIFTY2141514600PE,,2021-04-12,NSE,FO,,sell,75.000000,313.550000,6037221,1000000120940246,2021-04-12T13:29:34
NIFTY2141514600PE,,2021-04-12,NSE,FO,,sell,150.000000,313.550000,6037222,1000000120940246,2021-04-12T13:29:34
NIFTY2141514400PE,,2021-04-12,NSE,FO,,sell,75.000000,171.300000,6116459,1000000121881421,2021-04-12T13:31:57
NIFTY2141514400PE,,2021-04-12,NSE,FO,,buy,75.000000,210.650000,7497387,1000000158373961,2021-04-12T14:58:03
NIFTY2141514400PE,,2021-04-13,NSE,FO,,sell,75.000000,131.950000,209663,1000000001155309,2021-04-13T09:18:54
NIFTY2141514400CE,,2021-04-13,NSE,FO,,sell,75.000000,80.050000,5405065,1000000102451378,2021-04-13T13:51:59
NIFTY2141514400CE,,2021-04-13,NSE,FO,,buy,75.000000,103.400000,5536135,1000000105065463,2021-04-13T13:56:56
NIFTY2141514400PE,,2021-04-13,NSE,FO,,buy,75.000000,86.100000,5611817,1000000105955822,2021-04-13T13:58:26
NIFTY2141514450PE,,2021-04-13,NSE,FO,,sell,75.000000,73.450000,6047513,1000000112060678,2021-04-13T14:11:27
NIFTY2141514400CE,,2021-04-13,NSE,FO,,sell,75.000000,114.900000,6307471,1000000115875777,2021-04-13T14:18:22
NIFTY2141514400CE,,2021-04-13,NSE,FO,,buy,75.000000,126.400000,6518688,1000000120628327,2021-04-13T14:30:06
NIFTY2141514450PE,,2021-04-13,NSE,FO,,buy,75.000000,70.500000,6585212,1000000121628849,2021-04-13T14:32:22
NIFTY2141514400PE,,2021-04-15,NSE,FO,,sell,75.000000,53.550000,4192956,1000000042022220,2021-04-15T10:38:41
NIFTY2141514400PE,,2021-04-15,NSE,FO,,sell,75.000000,53.500000,4192957,1000000042022220,2021-04-15T10:38:41
NIFTY2141514300CE,,2021-04-15,NSE,FO,,buy,75.000000,110.400000,5843845,1000000067838354,2021-04-15T11:41:35
NIFTY2141514300CE,,2021-04-15,NSE,FO,,buy,75.000000,110.450000,5843846,1000000067838354,2021-04-15T11:41:35
NIFTY2141514300CE,,2021-04-15,NSE,FO,,sell,150.000000,136.900000,6062587,1000000068958535,2021-04-15T11:47:27
NIFTY2141514450CE,,2021-04-15,NSE,FO,,sell,75.000000,30.750000,7259625,1000000087794018,2021-04-15T12:31:43
NIFTY2141514400PE,,2021-04-15,NSE,FO,,buy,75.000000,10.050000,9508591,1000000120122885,2021-04-15T13:54:52
NIFTY2141514450PE,,2021-04-15,NSE,FO,,sell,75.000000,22.850000,9622565,1000000120714316,2021-04-15T13:57:18
NIFTY2141514400PE,,2021-04-15,NSE,FO,,buy,75.000000,6.050000,9937676,1000000125017882,2021-04-15T14:05:32
NIFTY2141514450CE,,2021-04-15,NSE,FO,,buy,225.000000,71.550000,10340842,1000000128937823,2021-04-15T14:12:30
NIFTY2141514450PE,,2021-04-15,NSE,FO,,sell,75.000000,9.600000,10424089,1000000129491286,2021-04-15T14:14:39
NIFTY2141514450CE,,2021-04-15,NSE,FO,,sell,75.000000,74.750000,10451537,1000000130302119,2021-04-15T14:15:18
NIFTY2141514450CE,,2021-04-15,NSE,FO,,sell,75.000000,74.750000,10451536,1000000130302119,2021-04-15T14:15:18
NIFTY2141514500CE,,2021-04-15,NSE,FO,,sell,75.000000,17.950000,11033526,1000000137104741,2021-04-15T14:28:45
NIFTY2141514500CE,,2021-04-15,NSE,FO,,buy,75.000000,31.050000,12165976,1000000150866026,2021-04-15T14:56:20
NIFTY2141514450PE,,2021-04-15,NSE,FO,,buy,150.000000,2.250000,12219788,1000000149495157,2021-04-15T14:57:10
NIFTY2141514500PE,,2021-04-15,NSE,FO,,sell,75.000000,8.850000,12246737,1000000151439440,2021-04-15T14:57:49
NIFTY2141514500PE,,2021-04-15,NSE,FO,,sell,75.000000,8.850000,12246696,1000000151439440,2021-04-15T14:57:49
NIFTY2141514500PE,,2021-04-15,NSE,FO,,buy,75.000000,0.750000,12906848,1000000153248043,2021-04-15T15:07:22
NIFTY2141514500PE,,2021-04-15,NSE,FO,,buy,75.000000,0.750000,12906845,1000000153248043,2021-04-15T15:07:22
NIFTY2142214600CE,,2021-04-16,NSE,FO,,buy,75.000000,188.050000,1661123,1000000034409657,2021-04-16T10:53:08
NIFTY2142214600CE,,2021-04-16,NSE,FO,,buy,75.000000,187.050000,1662024,1000000034409657,2021-04-16T10:53:14
NIFTY2142214600CE,,2021-04-16,NSE,FO,,buy,150.000000,170.400000,1758775,1000000036890605,2021-04-16T11:04:41
NIFTY2142214600CE,,2021-04-16,NSE,FO,,sell,75.000000,191.550000,1868996,1000000039830593,2021-04-16T11:15:21
NIFTY2142214600CE,,2021-04-16,NSE,FO,,sell,75.000000,191.550000,1869636,1000000039830593,2021-04-16T11:15:25
NIFTY2142214600CE,,2021-04-16,NSE,FO,,sell,75.000000,191.550000,1869638,1000000039830593,2021-04-16T11:15:25
NIFTY2142214600CE,,2021-04-16,NSE,FO,,sell,75.000000,196.000000,1927851,1000000041452184,2021-04-16T11:21:10
NIFTY2142214600CE,,2021-04-16,NSE,FO,,sell,150.000000,174.800000,2187213,1000000048772461,2021-04-16T11:50:44
NIFTY2142214600CE,,2021-04-16,NSE,FO,,buy,75.000000,171.650000,2557601,1000000060041491,2021-04-16T12:33:17
NIFTY2142214600CE,,2021-04-16,NSE,FO,,buy,75.000000,171.650000,2557600,1000000060041491,2021-04-16T12:33:17
NIFTY2142214600PE,,2021-04-16,NSE,FO,,sell,150.000000,121.450000,2569867,1000000060265310,2021-04-16T12:34:05
NIFTY2142214600CE,,2021-04-16,NSE,FO,,sell,75.000000,175.600000,2603931,1000000061174513,2021-04-16T12:36:41
NIFTY2142214600PE,,2021-04-16,NSE,FO,,buy,75.000000,117.150000,2635462,1000000062408062,2021-04-16T12:42:08
NIFTY2142214600PE,,2021-04-16,NSE,FO,,buy,75.000000,117.100000,2635461,1000000062408062,2021-04-16T12:42:08
NIFTY2142214600CE,,2021-04-16,NSE,FO,,sell,75.000000,183.850000,2684149,1000000062489129,2021-04-16T12:49:26
NIFTY2142214600CE,,2021-04-16,NSE,FO,,buy,150.000000,175.700000,3055082,1000000075714291,2021-04-16T13:40:37
NIFTY2142214600PE,,2021-04-16,NSE,FO,,sell,150.000000,96.650000,3519551,1000000087981693,2021-04-16T14:25:22
NIFTY2142214600PE,,2021-04-16,NSE,FO,,buy,150.000000,127.000000,4238824,1000000102729146,2021-04-16T15:08:53
NIFTY2142214400CE,,2021-04-19,NSE,FO,,sell,150.000000,112.850000,177604,1000000001086318,2021-04-19T09:16:38
NIFTY2142214200PE,,2021-04-19,NSE,FO,,sell,75.000000,114.550000,3900776,1000000064717480,2021-04-19T12:02:52
NIFTY2142214200PE,,2021-04-19,NSE,FO,,sell,75.000000,114.550000,3900777,1000000064717480,2021-04-19T12:02:52
NIFTY2142214400CE,,2021-04-19,NSE,FO,,buy,75.000000,103.850000,5139450,1000000099100155,2021-04-19T13:58:59
NIFTY2142214400CE,,2021-04-19,NSE,FO,,buy,75.000000,103.750000,5139449,1000000099100155,2021-04-19T13:58:59
NIFTY2142214400CE,,2021-04-19,NSE,FO,,sell,75.000000,107.500000,5339351,1000000101871085,2021-04-19T14:03:57
NIFTY2142214400CE,,2021-04-19,NSE,FO,,sell,75.000000,107.500000,5339350,1000000101871085,2021-04-19T14:03:57
NIFTY2142214200PE,,2021-04-19,NSE,FO,,buy,150.000000,80.150000,5361074,1000000102387757,2021-04-19T14:05:08
NIFTY2142214400CE,,2021-04-19,NSE,FO,,buy,150.000000,99.800000,5785492,1000000112467493,2021-04-19T14:33:39
NIFTY2142214500PE,,2021-04-20,NSE,FO,,sell,75.000000,98.450000,191752,1000000001270564,2021-04-20T09:17:04
NIFTY2142214500PE,,2021-04-20,NSE,FO,,sell,75.000000,98.450000,191770,1000000001270564,2021-04-20T09:17:04
NIFTY2142214500CE,,2021-04-20,NSE,FO,,sell,75.000000,87.600000,367834,1000000003245286,2021-04-20T09:20:02
NIFTY2142214500PE,,2021-04-20,NSE,FO,,buy,75.000000,117.600000,2144697,1000000038124295,2021-04-20T10:48:13
NIFTY2142214500PE,,2021-04-20,NSE,FO,,buy,75.000000,117.600000,2144698,1000000038124295,2021-04-20T10:48:13
NIFTY2142214500CE,,2021-04-20,NSE,FO,,buy,75.000000,41.200000,3741880,1000000070619484,2021-04-20T12:26:17
NIFTY2142214400CE,,2021-04-20,NSE,FO,,sell,150.000000,57.700000,5623052,1000000115470378,2021-04-20T14:24:23
NIFTY2142214400CE,,2021-04-20,NSE,FO,,buy,150.000000,45.750000,7777807,1000000145695339,2021-04-20T15:12:44
NIFTY2142214200PE,,2021-04-22,NSE,FO,,sell,150.000000,64.750000,941629,1000000007080678,2021-04-22T09:28:01
NIFTY2142214300CE,,2021-04-22,NSE,FO,,sell,75.000000,36.850000,2039993,1000000023582961,2021-04-22T09:55:42
NIFTY2142214300CE,,2021-04-22,NSE,FO,,sell,75.000000,36.850000,2039890,1000000023582961,2021-04-22T09:55:42
NIFTY2142214300CE,,2021-04-22,NSE,FO,,buy,75.000000,59.900000,6254153,1000000105804860,2021-04-22T12:50:11
NIFTY2142214300CE,,2021-04-22,NSE,FO,,buy,75.000000,59.900000,6254152,1000000105804860,2021-04-22T12:50:11
NIFTY2142214350CE,,2021-04-22,NSE,FO,,sell,75.000000,35.850000,6579622,1000000106593083,2021-04-22T12:58:12
NIFTY2142214350CE,,2021-04-22,NSE,FO,,sell,75.000000,35.850000,6582560,1000000106593083,2021-04-22T12:58:18
NIFTY2142214200PE,,2021-04-22,NSE,FO,,buy,150.000000,12.050000,6602641,1000000109917563,2021-04-22T12:59:17
NIFTY2142214350CE,,2021-04-22,NSE,FO,,buy,75.000000,58.000000,8397183,1000000135401647,2021-04-22T13:50:13
NIFTY2142214350CE,,2021-04-22,NSE,FO,,buy,75.000000,58.050000,8397184,1000000135401647,2021-04-22T13:50:13
NIFTY2142214400CE,,2021-04-22,NSE,FO,,sell,150.000000,22.350000,8436728,1000000135672593,2021-04-22T13:50:49
NIFTY2142214300PE,,2021-04-22,NSE,FO,,sell,150.000000,14.100000,8726184,1000000136267418,2021-04-22T14:00:06
NIFTY2142214300PE,,2021-04-22,NSE,FO,,buy,150.000000,1.050000,11590666,1000000162204026,2021-04-22T15:00:35
NIFTY2142214400CE,,2021-04-22,NSE,FO,,buy,150.000000,25.700000,11661742,1000000172396076,2021-04-22T15:01:24
NIFTY21APR14400CE,,2021-04-23,NSE,FO,,sell,75.000000,142.000000,448401,1000000007390374,2021-04-23T09:30:49
NIFTY21APR14400CE,,2021-04-23,NSE,FO,,sell,75.000000,141.950000,448402,1000000007390374,2021-04-23T09:30:49
NIFTY21APR14400CE,,2021-04-23,NSE,FO,,buy,150.000000,147.050000,807153,1000000016718842,2021-04-23T09:56:34
NIFTY21APR14300PE,,2021-04-23,NSE,FO,,sell,75.000000,153.150000,823861,1000000016972724,2021-04-23T09:58:37
NIFTY21APR14300PE,,2021-04-23,NSE,FO,,sell,75.000000,153.150000,823862,1000000016972724,2021-04-23T09:58:37
NIFTY21APR14400CE,,2021-04-23,NSE,FO,,buy,75.000000,172.100000,1461548,1000000032630131,2021-04-23T10:47:52
NIFTY21APR14400CE,,2021-04-23,NSE,FO,,buy,150.000000,172.100000,1461573,1000000032630131,2021-04-23T10:47:53
NIFTY21APR14400CE,,2021-04-23,NSE,FO,,sell,75.000000,175.000000,1524348,1000000034671991,2021-04-23T10:55:50
NIFTY21APR14400CE,,2021-04-23,NSE,FO,,sell,150.000000,175.000000,1524349,1000000034671991,2021-04-23T10:55:50
NIFTY21APR14300PE,,2021-04-23,NSE,FO,,buy,75.000000,133.350000,1544921,1000000035321871,2021-04-23T10:59:21
NIFTY21APR14300PE,,2021-04-23,NSE,FO,,buy,75.000000,133.350000,1544920,1000000035321871,2021-04-23T10:59:21
NIFTY21APR14400CE,,2021-04-23,NSE,FO,,buy,75.000000,195.200000,1994146,1000000046205280,2021-04-23T11:38:46
NIFTY21APR14400CE,,2021-04-23,NSE,FO,,buy,75.000000,195.200000,1994147,1000000046205280,2021-04-23T11:38:46
NIFTY21APR14400CE,,2021-04-23,NSE,FO,,buy,75.000000,195.200000,1994148,1000000046205280,2021-04-23T11:38:46
NIFTY21APR14400CE,,2021-04-23,NSE,FO,,buy,75.000000,195.200000,1994149,1000000046205280,2021-04-23T11:38:46
NIFTY21APR14400CE,,2021-04-23,NSE,FO,,buy,75.000000,180.500000,2130646,1000000050218743,2021-04-23T11:55:36
NIFTY21APR14400CE,,2021-04-23,NSE,FO,,buy,75.000000,180.500000,2130647,1000000050218743,2021-04-23T11:55:36
NIFTY21APR14400CE,,2021-04-23,NSE,FO,,buy,75.000000,180.500000,2130648,1000000050218743,2021-04-23T11:55:36
NIFTY21APR14400CE,,2021-04-23,NSE,FO,,buy,75.000000,180.500000,2130649,1000000050218743,2021-04-23T11:55:36
NIFTY21APR14400CE,,2021-04-23,NSE,FO,,sell,75.000000,191.700000,2212319,1000000052930075,2021-04-23T12:04:32
NIFTY21APR14400CE,,2021-04-23,NSE,FO,,sell,75.000000,191.650000,2212320,1000000052930075,2021-04-23T12:04:32
NIFTY21APR14400CE,,2021-04-23,NSE,FO,,sell,75.000000,191.650000,2212321,1000000052930075,2021-04-23T12:04:32
NIFTY21APR14400CE,,2021-04-23,NSE,FO,,sell,75.000000,191.650000,2212322,1000000052930075,2021-04-23T12:04:32
NIFTY21APR14400CE,,2021-04-23,NSE,FO,,sell,75.000000,191.650000,2212323,1000000052930075,2021-04-23T12:04:32
NIFTY21APR14400CE,,2021-04-23,NSE,FO,,sell,75.000000,191.650000,2212324,1000000052930075,2021-04-23T12:04:32
NIFTY21APR14400CE,,2021-04-23,NSE,FO,,sell,75.000000,172.850000,2287477,1000000055238724,2021-04-23T12:16:18
NIFTY21APR14400CE,,2021-04-23,NSE,FO,,sell,75.000000,172.850000,2287772,1000000055238724,2021-04-23T12:16:18
NIFTY21APR14400CE,,2021-04-23,NSE,FO,,sell,75.000000,172.850000,2287844,1000000055238724,2021-04-23T12:16:19
NIFTY21APR14400CE,,2021-04-23,NSE,FO,,sell,75.000000,172.850000,2288022,1000000055238724,2021-04-23T12:16:19
NIFTY21APR14400CE,,2021-04-23,NSE,FO,,buy,75.000000,162.450000,2406061,1000000058168903,2021-04-23T12:22:55
NIFTY21APR14400CE,,2021-04-23,NSE,FO,,buy,75.000000,162.450000,2406062,1000000058168903,2021-04-23T12:22:55
NIFTY21APR14400CE,,2021-04-23,NSE,FO,,sell,75.000000,166.050000,2884550,1000000073564566,2021-04-23T13:17:01
NIFTY21APR14400CE,,2021-04-23,NSE,FO,,sell,75.000000,166.000000,2884551,1000000073564566,2021-04-23T13:17:01
NIFTY21APR14400CE,,2021-04-23,NSE,FO,,buy,75.000000,145.350000,3217294,1000000081733194,2021-04-23T13:41:06
NIFTY21APR14400CE,,2021-04-23,NSE,FO,,buy,75.000000,145.350000,3218898,1000000081733194,2021-04-23T13:41:10
NIFTY21APR14300PE,,2021-04-23,NSE,FO,,sell,150.000000,165.850000,4064172,1000000104053506,2021-04-23T14:37:36
NIFTY21APR14300PE,,2021-04-23,NSE,FO,,buy,75.000000,163.500000,4501341,1000000113457108,2021-04-23T14:59:02
NIFTY21APR14300PE,,2021-04-23,NSE,FO,,buy,75.000000,163.600000,4501342,1000000113457108,2021-04-23T14:59:02
NIFTY21APR14500PE,,2021-04-26,NSE,FO,,sell,75.000000,137.850000,803613,1000000010868014,2021-04-26T09:34:58
NIFTY21APR14500PE,,2021-04-26,NSE,FO,,sell,75.000000,137.850000,804405,1000000010868014,2021-04-26T09:34:59
NIFTY21APR14500PE,,2021-04-26,NSE,FO,,buy,75.000000,133.700000,1481881,1000000026658323,2021-04-26T10:14:13
NIFTY21APR14500PE,,2021-04-26,NSE,FO,,buy,75.000000,133.700000,1481882,1000000026658323,2021-04-26T10:14:13
NIFTY21APR14600CE,,2021-04-26,NSE,FO,,sell,150.000000,102.850000,1498803,1000000026888057,2021-04-26T10:15:12
NIFTY21APR14500PE,,2021-04-26,NSE,FO,,sell,150.000000,138.750000,3016148,1000000064920774,2021-04-26T13:15:44
NIFTY21APR14500PE,,2021-04-26,NSE,FO,,buy,150.000000,152.000000,3248527,1000000082580976,2021-04-26T13:37:11
NIFTY21APR14600CE,,2021-04-26,NSE,FO,,buy,150.000000,85.800000,3509305,1000000089584507,2021-04-26T13:54:42
NIFTY21APR14500PE,,2021-04-26,NSE,FO,,sell,150.000000,140.900000,3724586,1000000095395065,2021-04-26T14:14:14
NIFTY21APR14500PE,,2021-04-26,NSE,FO,,buy,150.000000,136.700000,4655173,1000000121121207,2021-04-26T15:25:44
NIFTY21APR14500CE,,2021-04-27,NSE,FO,,buy,75.000000,173.100000,2873463,1000000061556402,2021-04-27T12:27:36
NIFTY21APR14500CE,,2021-04-27,NSE,FO,,buy,225.000000,173.100000,2873568,1000000061556402,2021-04-27T12:27:38
NIFTY21APR14500CE,,2021-04-27,NSE,FO,,buy,300.000000,160.100000,3114245,1000000068336663,2021-04-27T12:58:02
NIFTY21APR14500CE,,2021-04-27,NSE,FO,,sell,75.000000,170.600000,3206468,1000000071719401,2021-04-27T13:07:28
NIFTY21APR14500CE,,2021-04-27,NSE,FO,,sell,75.000000,170.600000,3206467,1000000071719401,2021-04-27T13:07:28
NIFTY21APR14500CE,,2021-04-27,NSE,FO,,sell,75.000000,170.600000,3206466,1000000071719401,2021-04-27T13:07:28
NIFTY21APR14500CE,,2021-04-27,NSE,FO,,sell,75.000000,170.650000,3206465,1000000071719401,2021-04-27T13:07:28
NIFTY21APR14500CE,,2021-04-27,NSE,FO,,sell,75.000000,170.700000,3206464,1000000071719401,2021-04-27T13:07:28
NIFTY21APR14500CE,,2021-04-27,NSE,FO,,sell,75.000000,170.550000,3206471,1000000071719401,2021-04-27T13:07:28
NIFTY21APR14500CE,,2021-04-27,NSE,FO,,sell,75.000000,170.550000,3206470,1000000071719401,2021-04-27T13:07:28
NIFTY21APR14500CE,,2021-04-27,NSE,FO,,sell,75.000000,170.550000,3206469,1000000071719401,2021-04-27T13:07:28
NIFTY21APR14600PE,,2021-04-27,NSE,FO,,sell,75.000000,85.950000,3776788,1000000088691806,2021-04-27T14:03:10
NIFTY21APR14600PE,,2021-04-27,NSE,FO,,sell,75.000000,85.950000,3776787,1000000088691806,2021-04-27T14:03:10
NIFTY21APR14600PE,,2021-04-27,NSE,FO,,buy,150.000000,79.150000,4342113,1000000103448071,2021-04-27T14:48:05
NIFTY21APR14500CE,,2021-04-27,NSE,FO,,buy,150.000000,185.100000,4419485,1000000105309524,2021-04-27T14:54:06
NIFTY21APR14500CE,,2021-04-27,NSE,FO,,sell,150.000000,194.650000,4613300,1000000109601864,2021-04-27T15:09:14
NIFTY21APR14800CE,,2021-04-28,NSE,FO,,sell,75.000000,60.450000,2500814,1000000050946704,2021-04-28T11:58:32
NIFTY21APR14800CE,,2021-04-28,NSE,FO,,sell,75.000000,60.450000,2500791,1000000050946704,2021-04-28T11:58:32
NIFTY21APR14800CE,,2021-04-28,NSE,FO,,buy,225.000000,100.550000,4284322,1000000083488496,2021-04-28T13:26:45
NIFTY21APR14800CE,,2021-04-28,NSE,FO,,buy,300.000000,102.450000,4304579,1000000083683021,2021-04-28T13:27:35
NIFTY21APR14800CE,,2021-04-28,NSE,FO,,buy,225.000000,103.100000,4519266,1000000089498231,2021-04-28T13:44:24
NIFTY21APR14800CE,,2021-04-28,NSE,FO,,buy,75.000000,103.100000,4519265,1000000089498231,2021-04-28T13:44:24
NIFTY21APR14800CE,,2021-04-28,NSE,FO,,sell,225.000000,95.450000,4616169,1000000091782749,2021-04-28T13:50:23
NIFTY21APR14800CE,,2021-04-28,NSE,FO,,sell,450.000000,95.550000,4616168,1000000091782749,2021-04-28T13:50:23
NIFTY21APR14800CE,,2021-04-28,NSE,FO,,buy,750.000000,100.050000,4638746,1000000092237087,2021-04-28T13:51:30
NIFTY21APR14800CE,,2021-04-28,NSE,FO,,sell,750.000000,114.850000,4764605,1000000094373056,2021-04-28T13:57:05
NIFTY21APR14800CE,,2021-04-28,NSE,FO,,sell,150.000000,120.850000,5269419,1000000104598615,2021-04-28T14:24:35
NIFTY21APR14800CE,,2021-04-28,NSE,FO,,buy,150.000000,114.650000,5858707,1000000116727091,2021-04-28T15:04:21
NIFTY21APR15000CE,,2021-04-29,NSE,FO,,sell,150.000000,59.500000,1044567,1000000007221852,2021-04-29T09:30:51
NIFTY21APR14850PE,,2021-04-29,NSE,FO,,sell,150.000000,22.400000,2097570,1000000021453741,2021-04-29T09:54:54
NIFTY21APR15000CE,,2021-04-29,NSE,FO,,buy,150.000000,6.650000,4560865,1000000058120157,2021-04-29T10:53:18
NIFTY21APR14750CE,,2021-04-29,NSE,FO,,buy,150.000000,108.550000,5223958,1000000071457628,2021-04-29T11:12:12
NIFTY21APR14750CE,,2021-04-29,NSE,FO,,sell,150.000000,168.950000,5801477,1000000077508420,2021-04-29T11:27:01
NIFTY21APR14950CE,,2021-04-29,NSE,FO,,sell,150.000000,22.450000,8667227,1000000132887472,2021-04-29T13:16:50
NIFTY21APR14950CE,,2021-04-29,NSE,FO,,buy,150.000000,1.050000,12172259,1000000178258885,2021-04-29T15:00:36
NIFTY21APR14850PE,,2021-04-29,NSE,FO,,buy,150.000000,1.050000,12291203,1000000178160085,2021-04-29T15:02:41
NIFTY2150614800CE,,2021-04-30,NSE,FO,,sell,150.000000,189.950000,618366,1000000011236204,2021-04-30T09:37:17
NIFTY2150614800PE,,2021-04-30,NSE,FO,,sell,150.000000,179.450000,1223539,1000000025963987,2021-04-30T10:15:09
NIFTY2150614800PE,,2021-04-30,NSE,FO,,buy,75.000000,208.800000,3272579,1000000088481727,2021-04-30T14:02:08
NIFTY2150614800PE,,2021-04-30,NSE,FO,,buy,75.000000,208.800000,3272578,1000000088481727,2021-04-30T14:02:08
NIFTY2150614800CE,,2021-04-30,NSE,FO,,buy,75.000000,116.600000,3477784,1000000092605082,2021-04-30T14:09:33
NIFTY2150614800CE,,2021-04-30,NSE,FO,,buy,75.000000,116.600000,3477785,1000000092605082,2021-04-30T14:09:33
NIFTY2150614500PE,,2021-05-03,NSE,FO,,sell,75.000000,110.850000,3827821,1000000088776738,2021-05-03T13:50:55
NIFTY2150614500PE,,2021-05-03,NSE,FO,,sell,75.000000,110.850000,3827835,1000000088776738,2021-05-03T13:50:56
NIFTY2150614500PE,,2021-05-03,NSE,FO,,buy,150.000000,84.250000,4325324,1000000099569170,2021-05-03T14:29:37
NIFTY2150614700CE,,2021-05-04,NSE,FO,,sell,150.000000,113.750000,2556021,1000000049348500,2021-05-04T11:43:24
NIFTY2150614700CE,,2021-05-04,NSE,FO,,buy,75.000000,59.400000,3925057,1000000077625442,2021-05-04T13:15:35
NIFTY2150614700CE,,2021-05-04,NSE,FO,,buy,75.000000,59.400000,3925058,1000000077625442,2021-05-04T13:15:35
NIFTY2150614700CE,,2021-05-04,NSE,FO,,sell,75.000000,67.450000,4397434,1000000086585666,2021-05-04T13:31:48
NIFTY2150614700CE,,2021-05-04,NSE,FO,,sell,75.000000,67.450000,4397431,1000000086585666,2021-05-04T13:31:48
NIFTY2150614700PE,,2021-05-04,NSE,FO,,buy,225.000000,161.200000,4600452,1000000091413052,2021-05-04T13:42:39
NIFTY2150614700PE,,2021-05-04,NSE,FO,,buy,75.000000,140.150000,4887101,1000000097674274,2021-05-04T14:02:00
NIFTY2150614700CE,,2021-05-04,NSE,FO,,buy,75.000000,70.850000,5261586,1000000106961573,2021-05-04T14:30:12
NIFTY2150614700CE,,2021-05-04,NSE,FO,,buy,75.000000,70.850000,5261585,1000000106961573,2021-05-04T14:30:12
NIFTY2150614700PE,,2021-05-04,NSE,FO,,sell,75.000000,142.900000,5261691,1000000106963001,2021-05-04T14:30:12
NIFTY2150614700PE,,2021-05-04,NSE,FO,,sell,150.000000,142.850000,5261693,1000000106963001,2021-05-04T14:30:12
NIFTY2150614700PE,,2021-05-04,NSE,FO,,sell,75.000000,142.900000,5261692,1000000106963001,2021-05-04T14:30:12
NIFTY2150614700PE,,2021-05-04,NSE,FO,,buy,150.000000,171.600000,5318518,1000000107666178,2021-05-04T14:31:51
NIFTY2150614700PE,,2021-05-04,NSE,FO,,buy,150.000000,171.650000,5318519,1000000107666178,2021-05-04T14:31:51
NIFTY2150614700PE,,2021-05-04,NSE,FO,,sell,75.000000,193.350000,5486684,1000000110042642,2021-05-04T14:34:14
NIFTY2150614700PE,,2021-05-04,NSE,FO,,sell,75.000000,193.250000,5486685,1000000110042642,2021-05-04T14:34:14
NIFTY2150614700PE,,2021-05-04,NSE,FO,,sell,75.000000,193.250000,5486686,1000000110042642,2021-05-04T14:34:14
NIFTY2150614700PE,,2021-05-04,NSE,FO,,sell,75.000000,193.200000,5486687,1000000110042642,2021-05-04T14:34:14
NIFTY2150614600CE,,2021-05-04,NSE,FO,,sell,150.000000,82.900000,5581327,1000000111297461,2021-05-04T14:35:53
NIFTY2150614600CE,,2021-05-04,NSE,FO,,buy,75.000000,80.800000,5718230,1000000113231375,2021-05-04T14:38:40
NIFTY2150614600CE,,2021-05-04,NSE,FO,,buy,75.000000,80.800000,5718231,1000000113231375,2021-05-04T14:38:40
NIFTY2150614500PE,,2021-05-05,NSE,FO,,sell,150.000000,52.950000,2427143,1000000040658448,2021-05-05T10:54:14
NIFTY2150614600CE,,2021-05-05,NSE,FO,,sell,150.000000,89.250000,4206163,1000000080124638,2021-05-05T13:00:02
NIFTY2150614600CE,,2021-05-05,NSE,FO,,buy,150.000000,106.550000,4567836,1000000085034466,2021-05-05T13:10:14
NIFTY2150614600CE,,2021-05-05,NSE,FO,,buy,75.000000,103.550000,4613481,1000000085597413,2021-05-05T13:11:33
NIFTY2150614600CE,,2021-05-05,NSE,FO,,buy,75.000000,103.550000,4613479,1000000085597413,2021-05-05T13:11:33
NIFTY2150614600CE,,2021-05-05,NSE,FO,,buy,150.000000,103.550000,4613477,1000000085597413,2021-05-05T13:11:33
NIFTY2150614600CE,,2021-05-05,NSE,FO,,buy,150.000000,98.150000,4941024,1000000091473640,2021-05-05T13:27:59
NIFTY2150614600CE,,2021-05-05,NSE,FO,,buy,75.000000,98.150000,4941000,1000000091473640,2021-05-05T13:27:59
NIFTY2150614500PE,,2021-05-05,NSE,FO,,buy,150.000000,47.400000,5188559,1000000095863838,2021-05-05T13:37:07
NIFTY2150614600CE,,2021-05-05,NSE,FO,,buy,150.000000,73.600000,5198817,1000000095971584,2021-05-05T13:37:35
NIFTY2150614600CE,,2021-05-05,NSE,FO,,buy,300.000000,73.600000,5199506,1000000095971584,2021-05-05T13:37:37
NIFTY2150614600CE,,2021-05-05,NSE,FO,,sell,75.000000,80.250000,5345251,1000000098654626,2021-05-05T13:44:37
NIFTY2150614600CE,,2021-05-05,NSE,FO,,sell,75.000000,80.300000,5345250,1000000098654626,2021-05-05T13:44:37
NIFTY2150614600CE,,2021-05-05,NSE,FO,,sell,300.000000,80.300000,5345249,1000000098654626,2021-05-05T13:44:37
NIFTY2150614600CE,,2021-05-05,NSE,FO,,sell,75.000000,80.300000,5345248,1000000098654626,2021-05-05T13:44:37
NIFTY2150614600CE,,2021-05-05,NSE,FO,,sell,75.000000,80.350000,5345247,1000000098654626,2021-05-05T13:44:37
NIFTY2150614600CE,,2021-05-05,NSE,FO,,sell,75.000000,80.350000,5345246,1000000098654626,2021-05-05T13:44:37
NIFTY2150614600CE,,2021-05-05,NSE,FO,,sell,150.000000,80.350000,5345245,1000000098654626,2021-05-05T13:44:37
NIFTY2150614600CE,,2021-05-05,NSE,FO,,sell,150.000000,80.350000,5345244,1000000098654626,2021-05-05T13:44:37
NIFTY2150614600CE,,2021-05-05,NSE,FO,,sell,75.000000,85.950000,5431429,1000000100444891,2021-05-05T13:50:55
NIFTY2150614600CE,,2021-05-05,NSE,FO,,sell,75.000000,85.950000,5431426,1000000100444891,2021-05-05T13:50:55
NIFTY2150614600CE,,2021-05-05,NSE,FO,,buy,75.000000,74.700000,6668740,1000000124222398,2021-05-05T14:54:58
NIFTY2150614600CE,,2021-05-05,NSE,FO,,buy,75.000000,74.650000,6668739,1000000124222398,2021-05-05T14:54:58
NIFTY2150614600CE,,2021-05-06,NSE,FO,,sell,150.000000,95.850000,1778364,1000000022601296,2021-05-06T10:04:18
NIFTY2150614650PE,,2021-05-06,NSE,FO,,sell,150.000000,53.850000,2872840,1000000038960544,2021-05-06T10:43:08
NIFTY2150614650PE,,2021-05-06,NSE,FO,,buy,150.000000,6.450000,7706674,1000000115710482,2021-05-06T14:06:50
NIFTY2150614700PE,,2021-05-06,NSE,FO,,sell,75.000000,23.850000,7822450,1000000117669062,2021-05-06T14:12:31
NIFTY2150614700PE,,2021-05-06,NSE,FO,,sell,75.000000,23.850000,7822453,1000000117669062,2021-05-06T14:12:31
NIFTY2150614600CE,,2021-05-06,NSE,FO,,buy,75.000000,105.300000,7838851,1000000118123411,2021-05-06T14:13:24
NIFTY2150614600CE,,2021-05-06,NSE,FO,,buy,75.000000,105.200000,7838850,1000000118123411,2021-05-06T14:13:24
NIFTY2150614700PE,,2021-05-06,NSE,FO,,buy,150.000000,1.500000,9680710,1000000141612578,2021-05-06T15:09:18
NIFTY2151214750CE,,2021-05-07,NSE,FO,,sell,150.000000,187.750000,857543,1000000013926531,2021-05-07T10:02:03
NIFTY2151214800PE,,2021-05-07,NSE,FO,,sell,75.000000,129.950000,1414295,1000000027456601,2021-05-07T10:54:22
NIFTY2151214800PE,,2021-05-07,NSE,FO,,sell,75.000000,129.950000,1414305,1000000027456601,2021-05-07T10:54:23
NIFTY2151214750CE,,2021-05-07,NSE,FO,,buy,150.000000,176.150000,3336019,1000000075471094,2021-05-07T14:34:25
NIFTY2151214800PE,,2021-05-07,NSE,FO,,buy,150.000000,115.000000,3822436,1000000084409413,2021-05-07T15:15:36
NIFTY2151214900CE,,2021-05-10,NSE,FO,,buy,75.000000,114.100000,2806949,1000000033306122,2021-05-10T13:22:28
NIFTY2151214900CE,,2021-05-10,NSE,FO,,buy,75.000000,114.100000,2806964,1000000033306122,2021-05-10T13:22:28
NIFTY2151214900CE,,2021-05-10,NSE,FO,,buy,75.000000,114.100000,2806948,1000000033306122,2021-05-10T13:22:28
NIFTY2151214900CE,,2021-05-10,NSE,FO,,sell,225.000000,115.450000,2860046,1000000034280568,2021-05-10T13:29:37
NIFTY2151214800CE,,2021-05-11,NSE,FO,,sell,75.000000,84.850000,546357,1000000003711111,2021-05-11T09:24:41
NIFTY2151214800CE,,2021-05-11,NSE,FO,,sell,75.000000,84.850000,546427,1000000003711111,2021-05-11T09:24:42
NIFTY2151214800CE,,2021-05-11,NSE,FO,,buy,75.000000,88.000000,4388327,1000000049447226,2021-05-11T14:02:02
NIFTY2151214800CE,,2021-05-11,NSE,FO,,buy,75.000000,88.000000,4388326,1000000049447226,2021-05-11T14:02:02
NIFTY2151214800PE,,2021-05-12,NSE,FO,,sell,75.000000,81.850000,1210139,1000000009643047,2021-05-12T09:39:33
NIFTY2151214800PE,,2021-05-12,NSE,FO,,sell,75.000000,81.850000,1210135,1000000009643047,2021-05-12T09:39:33
NIFTY2151214800PE,,2021-05-12,NSE,FO,,buy,75.000000,66.500000,1388405,1000000011310345,2021-05-12T09:44:06
NIFTY2151214800PE,,2021-05-12,NSE,FO,,buy,75.000000,66.500000,1388404,1000000011310345,2021-05-12T09:44:06
NIFTY2151214800PE,,2021-05-12,NSE,FO,,buy,300.000000,63.100000,1407665,1000000011409363,2021-05-12T09:44:49
NIFTY2151214800PE,,2021-05-12,NSE,FO,,sell,450.000000,90.850000,2443677,1000000022105478,2021-05-12T10:31:47
NIFTY2151214800PE,,2021-05-12,NSE,FO,,buy,150.000000,60.000000,6244035,1000000058313280,2021-05-12T13:57:53
NIFTY2151214750CE,,2021-05-12,NSE,FO,,sell,150.000000,18.950000,6274320,1000000058414039,2021-05-12T13:59:28
NIFTY2151214750CE,,2021-05-12,NSE,FO,,buy,150.000000,1.050000,7915038,1000000072803495,2021-05-12T14:56:38
NIFTY2152014700PE,,2021-05-14,NSE,FO,,sell,150.000000,125.450000,126213,1000000000497274,2021-05-14T09:18:39
NIFTY2152014700PE,,2021-05-14,NSE,FO,,buy,75.000000,158.600000,415708,1000000004613963,2021-05-14T09:29:58
NIFTY2152014700PE,,2021-05-14,NSE,FO,,buy,75.000000,158.650000,415709,1000000004613963,2021-05-14T09:29:58
NIFTY2152014700PE,,2021-05-14,NSE,FO,,sell,150.000000,129.400000,1949376,1000000010641478,2021-05-14T11:28:03
NIFTY2152014700PE,,2021-05-14,NSE,FO,,buy,75.000000,164.600000,2194981,1000000033533507,2021-05-14T11:45:26
NIFTY2152014700PE,,2021-05-14,NSE,FO,,buy,75.000000,164.650000,2194982,1000000033533507,2021-05-14T11:45:26
NIFTY2152014700PE,,2021-05-14,NSE,FO,,buy,150.000000,165.050000,2244621,1000000033780498,2021-05-14T11:47:17
NIFTY2152014700PE,,2021-05-14,NSE,FO,,buy,75.000000,165.050000,2244622,1000000033780498,2021-05-14T11:47:17
NIFTY2152014700PE,,2021-05-14,NSE,FO,,buy,75.000000,165.050000,2244620,1000000033780498,2021-05-14T11:47:17
NIFTY2152014700PE,,2021-05-14,NSE,FO,,sell,225.000000,155.100000,2963869,1000000045688331,2021-05-14T12:39:37
NIFTY2152014700PE,,2021-05-14,NSE,FO,,sell,75.000000,155.050000,2963870,1000000045688331,2021-05-14T12:39:37
NIFTY2152014700CE,,2021-05-17,NSE,FO,,buy,300.000000,164.100000,1639763,1000000016818792,2021-05-17T10:32:22
NIFTY2152014700CE,,2021-05-17,NSE,FO,,sell,75.000000,175.700000,2086208,1000000023938488,2021-05-17T11:29:29
NIFTY2152014700CE,,2021-05-17,NSE,FO,,sell,75.000000,175.650000,2086209,1000000023938488,2021-05-17T11:29:29
NIFTY2152014700CE,,2021-05-17,NSE,FO,,sell,75.000000,175.600000,2086210,1000000023938488,2021-05-17T11:29:29
NIFTY2152014700CE,,2021-05-17,NSE,FO,,sell,75.000000,175.550000,2086211,1000000023938488,2021-05-17T11:29:29
NIFTY2152014700CE,,2021-05-17,NSE,FO,,sell,75.000000,184.900000,2315891,1000000026915556,2021-05-17T11:56:28
NIFTY2152014700CE,,2021-05-17,NSE,FO,,sell,75.000000,184.900000,2315980,1000000026915556,2021-05-17T11:56:29
NIFTY2152014700CE,,2021-05-17,NSE,FO,,buy,75.000000,204.000000,2645330,1000000031754938,2021-05-17T12:31:50
NIFTY2152014700CE,,2021-05-17,NSE,FO,,buy,75.000000,204.000000,2645331,1000000031754938,2021-05-17T12:31:50
NIFTY2152015100CE,,2021-05-18,NSE,FO,,sell,75.000000,87.850000,602641,1000000004411637,2021-05-18T09:25:19
NIFTY2152015100CE,,2021-05-18,NSE,FO,,sell,75.000000,87.850000,602550,1000000004411637,2021-05-18T09:25:19
NIFTY2152015100CE,,2021-05-18,NSE,FO,,buy,150.000000,92.400000,4448256,1000000053557980,2021-05-18T14:45:11
NIFTY2152015100CE,,2021-05-19,NSE,FO,,sell,75.000000,63.800000,466081,1000000003995847,2021-05-19T09:27:51
NIFTY2152015100CE,,2021-05-19,NSE,FO,,sell,75.000000,63.750000,466082,1000000003995847,2021-05-19T09:27:51
